<?xml version="1.0" encoding="UTF-8"?>
<!DOCTYPE html PUBLIC "-//W3C//DTD XHTML 1.0 Transitional//EN"
    "http://www.w3.org/TR/xhtml1/DTD/xhtml1-transitional.dtd">
<html xmlns="http://www.w3.org/1999/xhtml" xml:lang="en" lang="en">
 <head>
  <title>
</title>
<meta http-equiv="Content-Type" content="text/html;charset=utf-8" />
  <meta name='ocr-system' content='tesseract 3.04.00' />
  <meta name='ocr-capabilities' content='ocr_page ocr_carea ocr_par ocr_line ocrx_word'/>
</head>
<body>
  <div class='ocr_page' id='page_1' title='image "./latinhymnsanglo00stevgoog_0178.png"; bbox 0 0 2948 4980; ppageno 0'>
   <div class='ocr_carea' id='block_1_1' title="bbox 418 530 917 577">
    <p class='ocr_par' dir='ltr' id='par_1_1' title="bbox 418 530 917 577">
     <span class='ocr_line' id='line_1_1' title="bbox 418 530 917 577; baseline 0.008 -4"><span class='ocrx_word' id='word_1_1' title='bbox 418 530 664 576; x_wconf 74' lang='lat' dir='ltr'><strong>ANGLo-ssxou</strong></span> <span class='ocrx_word' id='word_1_2' title='bbox 689 533 917 577; x_wconf 84' lang='lat' dir='ltr'><strong>HYMNARIUM.</strong></span> 
     </span>
    </p>
   </div>
   <div class='ocr_carea' id='block_1_2' title="bbox 244 671 1051 1673">
    <p class='ocr_par' dir='ltr' id='par_1_2' title="bbox 244 671 1051 1673">
     <span class='ocr_line' id='line_1_2' title="bbox 252 671 861 771; baseline 0 -37"><span class='ocrx_word' id='word_1_3' title='bbox 252 671 362 735; x_wconf 88' lang='lat' dir='ltr'><strong>Ambo</strong></span> <span class='ocrx_word' id='word_1_4' title='bbox 386 673 519 770; x_wconf 67' lang='lat' dir='ltr'><strong>lucernp</strong></span> <span class='ocrx_word' id='word_1_5' title='bbox 543 685 577 737; x_wconf 88' lang='lat' dir='ltr'><strong>et</strong></span> <span class='ocrx_word' id='word_1_6' title='bbox 604 675 700 737; x_wconf 88' lang='lat' dir='ltr'><strong>decus</strong></span> <span class='ocrx_word' id='word_1_7' title='bbox 723 672 861 771; x_wconf 65' lang='lat' dir='ltr'><strong>ecclesip</strong></span> 
     </span>
     <span class='ocr_line' id='line_1_3' title="bbox 250 771 932 842; baseline 0 -6"><span class='ocrx_word' id='word_1_8' title='bbox 250 771 290 836; x_wconf 91' lang='lat' dir='ltr'><strong>In</strong></span> <span class='ocrx_word' id='word_1_9' title='bbox 316 777 393 840; x_wconf 88' lang='lat' dir='ltr'><strong>orbe</strong></span> <span class='ocrx_word' id='word_1_10' title='bbox 420 776 506 840; x_wconf 89' lang='lat' dir='ltr'><strong>claro</strong></span> <span class='ocrx_word' id='word_1_11' title='bbox 531 777 724 842; x_wconf 85' lang='lat' dir='ltr'>choruscant</span> <span class='ocrx_word' id='word_1_12' title='bbox 744 773 932 837; x_wconf 87' lang='lat' dir='ltr'><strong>vibramine.</strong></span> 
     </span>
     <span class='ocr_line' id='line_1_4' title="bbox 293 875 1051 963; baseline -0.007 -22"><span class='ocrx_word' id='word_1_13' title='bbox 293 877 324 941; x_wconf 94' lang='grc' dir='ltr'><strong>Ο</strong></span> <span class='ocrx_word' id='word_1_14' title='bbox 346 877 454 941; x_wconf 91' lang='lat' dir='ltr'><strong>Roma</strong></span> <span class='ocrx_word' id='word_1_15' title='bbox 478 878 561 942; x_wconf 87' lang='lat' dir='ltr'>felix</span> <span class='ocrx_word' id='word_1_16' title='bbox 588 902 651 963; x_wconf 90' lang='lat' dir='ltr'><strong>que</strong></span> <span class='ocrx_word' id='word_1_17' title='bbox 676 887 841 941; x_wconf 89' lang='lat' dir='ltr'><strong>tantorum</strong></span> <span class='ocrx_word' id='word_1_18' title='bbox 865 875 1051 960; x_wconf 85' lang='lat' dir='ltr'><strong>principum</strong></span> 
     </span>
     <span class='ocr_line' id='line_1_5' title="bbox 247 977 850 1065; baseline -0.003 -24"><span class='ocrx_word' id='word_1_19' title='bbox 247 977 294 1042; x_wconf 91' lang='lat' dir='ltr'><strong>Es</strong></span> <span class='ocrx_word' id='word_1_20' title='bbox 316 990 498 1064; x_wconf 86' lang='lat' dir='ltr'><strong>purpurata</strong></span> <span class='ocrx_word' id='word_1_21' title='bbox 522 981 668 1065; x_wconf 91' lang='lat' dir='ltr'><strong>precioso</strong></span> <span class='ocrx_word' id='word_1_22' title='bbox 694 977 850 1061; x_wconf 87' lang='lat' dir='ltr'><strong>sanguine</strong></span> 
     </span>
     <span class='ocr_line' id='line_1_6' title="bbox 248 1077 991 1164; baseline -0.001 -24"><span class='ocrx_word' id='word_1_23' title='bbox 248 1077 396 1143; x_wconf 86' lang='lat' dir='ltr'><strong>Excellis</strong></span> <span class='ocrx_word' id='word_1_24' title='bbox 423 1104 551 1144; x_wconf 87' lang='lat' dir='ltr'><strong>omnem</strong></span> <span class='ocrx_word' id='word_1_25' title='bbox 574 1080 688 1144; x_wconf 91' lang='lat' dir='ltr'><strong>mundi</strong></span> <span class='ocrx_word' id='word_1_26' title='bbox 712 1077 991 1164; x_wconf 90' lang='lat' dir='ltr'><strong>pulchritudinem</strong></span> 
     </span>
     <span class='ocr_line' id='line_1_7' title="bbox 248 1178 965 1246; baseline 0 -5"><span class='ocrx_word' id='word_1_27' title='bbox 248 1178 326 1242; x_wconf 92' lang='lat' dir='ltr'><strong>Non</strong></span> <span class='ocrx_word' id='word_1_28' title='bbox 350 1181 445 1245; x_wconf 93' lang='lat' dir='ltr'><strong>laude</strong></span> <span class='ocrx_word' id='word_1_29' title='bbox 470 1194 528 1246; x_wconf 90' lang='lat' dir='ltr'><strong>tua</strong></span> <span class='ocrx_word' id='word_1_30' title='bbox 554 1183 610 1245; x_wconf 91' lang='lat' dir='ltr'><strong>sed</strong></span> <span class='ocrx_word' id='word_1_31' title='bbox 634 1192 818 1246; x_wconf 91' lang='lat' dir='ltr'><strong>sanctorum</strong></span> <span class='ocrx_word' id='word_1_32' title='bbox 841 1179 965 1243; x_wconf 89' lang='lat' dir='ltr'><strong>meritis</strong></span> 
     </span>
     <span class='ocr_line' id='line_1_8' title="bbox 248 1268 1030 1368; baseline -0.005 -22"><span class='ocrx_word' id='word_1_33' title='bbox 248 1281 341 1346; x_wconf 85' lang='lat' dir='ltr'><strong>Quos</strong></span> <span class='ocrx_word' id='word_1_34' title='bbox 369 1284 546 1348; x_wconf 89' lang='lat' dir='ltr'><strong>cruentatis</strong></span> <span class='ocrx_word' id='word_1_35' title='bbox 568 1283 731 1368; x_wconf 84' lang='lat' dir='ltr'>jugulasti</span> <span class='ocrx_word' id='word_1_36' title='bbox 754 1281 881 1365; x_wconf 86' lang='lat' dir='ltr'><strong>gladiis.</strong></span> <span class='ocrx_word' id='word_1_37' title='bbox 1028 1268 1030 1272; x_wconf 35' lang='lat'>⁵</span> 
     </span>
     <span class='ocr_line' id='line_1_9' title="bbox 289 1381 920 1468; baseline -0.003 -22"><span class='ocrx_word' id='word_1_38' title='bbox 289 1381 358 1446; x_wconf 90' lang='lat' dir='ltr'><strong>Vos</strong></span> <span class='ocrx_word' id='word_1_39' title='bbox 382 1407 459 1467; x_wconf 87' lang='lat' dir='ltr'><strong>ergo</strong></span> <span class='ocrx_word' id='word_1_40' title='bbox 483 1385 579 1447; x_wconf 94' lang='lat' dir='ltr'><strong>modo</strong></span> <span class='ocrx_word' id='word_1_41' title='bbox 604 1382 739 1468; x_wconf 84' lang='lat' dir='ltr'><strong>gloriosi</strong></span> <span class='ocrx_word' id='word_1_42' title='bbox 763 1395 920 1466; x_wconf 84' lang='lat' dir='ltr'><strong>martyres</strong></span> 
     </span>
     <span class='ocr_line' id='line_1_10' title="bbox 246 1482 860 1550; baseline 0.003 -6"><span class='ocrx_word' id='word_1_43' title='bbox 246 1482 343 1547; x_wconf 89' lang='lat' dir='ltr'><strong>Petrc</strong></span> <span class='ocrx_word' id='word_1_44' title='bbox 369 1486 463 1550; x_wconf 88' lang='lat' dir='ltr'><strong>beate</strong></span> <span class='ocrx_word' id='word_1_45' title='bbox 489 1487 589 1550; x_wconf 88' lang='lat' dir='ltr'><strong>Paule</strong></span> <span class='ocrx_word' id='word_1_46' title='bbox 615 1485 729 1549; x_wconf 88' lang='lat' dir='ltr'><strong>muudi</strong></span> <span class='ocrx_word' id='word_1_47' title='bbox 753 1484 860 1547; x_wconf 89' lang='lat' dir='ltr'><strong>lilium</strong></span> 
     </span>
     <span class='ocr_line' id='line_1_11' title="bbox 244 1584 871 1673; baseline 0.003 -26"><span class='ocrx_word' id='word_1_48' title='bbox 244 1584 382 1650; x_wconf 86' lang='lat' dir='ltr'><strong>Celestis</strong></span> <span class='ocrx_word' id='word_1_49' title='bbox 408 1588 483 1659; x_wconf 86' lang='lat' dir='ltr'><strong>aule</strong></span> <span class='ocrx_word' id='word_1_50' title='bbox 509 1587 723 1673; x_wconf 87' lang='lat' dir='ltr'><strong>triumphales</strong></span> <span class='ocrx_word' id='word_1_51' title='bbox 749 1585 871 1649; x_wconf 85' lang='lat' dir='ltr'><strong>milites</strong></span> 
     </span>
    </p>
   </div>
   <div class='ocr_carea' id='block_1_3' title="bbox 247 1662 1055 1754">
    <p class='ocr_par' dir='ltr' id='par_1_3' title="bbox 247 1662 1055 1754">
     <span class='ocr_line' id='line_1_12' title="bbox 247 1662 1055 1754; baseline 0.001 -4"><span class='ocrx_word' id='word_1_52' title='bbox 247 1687 405 1753; x_wconf 88' lang='lat' dir='ltr'><strong>Precibus</strong></span> <span class='ocrx_word' id='word_1_53' title='bbox 428 1662 521 1754; x_wconf 76' lang='lat' dir='ltr'><strong>alriris</strong></span> <span class='ocrx_word' id='word_1_54' title='bbox 543 1689 658 1754; x_wconf 85' lang='lat' dir='ltr'><strong>vestris</strong></span> <span class='ocrx_word' id='word_1_55' title='bbox 681 1711 741 1751; x_wconf 91' lang='lat' dir='ltr'><strong>nos</strong></span> <span class='ocrx_word' id='word_1_56' title='bbox 764 1688 805 1750; x_wconf 92' lang='lat' dir='ltr'><strong>ab</strong></span> <span class='ocrx_word' id='word_1_57' title='bbox 828 1685 980 1751; x_wconf 88' lang='lat' dir='ltr'><strong>omnibus</strong></span> <span class='ocrx_word' id='word_1_58' title='bbox 1050 1708 1055 1720; x_wconf 86' lang='lat'><strong>·</strong></span> 
     </span>
    </p>
   </div>
   <div class='ocr_carea' id='block_1_4' title="bbox 243 1787 910 2366">
    <p class='ocr_par' dir='ltr' id='par_1_4' title="bbox 245 1787 905 1979">
     <span class='ocr_line' id='line_1_13' title="bbox 245 1787 893 1875; baseline -0.005 -23"><span class='ocrx_word' id='word_1_59' title='bbox 245 1787 378 1854; x_wconf 90' lang='lat' dir='ltr'><strong>Munite</strong></span> <span class='ocrx_word' id='word_1_60' title='bbox 404 1791 497 1856; x_wconf 91' lang='lat' dir='ltr'><strong>malis</strong></span> <span class='ocrx_word' id='word_1_61' title='bbox 522 1791 605 1856; x_wconf 84' lang='lat' dir='ltr'><strong>ferte</strong></span> <span class='ocrx_word' id='word_1_62' title='bbox 633 1811 731 1875; x_wconf 85' lang='lat' dir='ltr'><strong>super</strong></span> <span class='ocrx_word' id='word_1_63' title='bbox 752 1787 893 1852; x_wconf 89' lang='lat' dir='ltr'><strong>aethera.</strong></span> 
     </span>
     <span class='ocr_line' id='line_1_14' title="bbox 288 1889 905 1979; baseline -0.003 -25"><span class='ocrx_word' id='word_1_64' title='bbox 288 1891 405 1955; x_wconf 88' lang='lat' dir='ltr'><strong>Gloria</strong></span> <span class='ocrx_word' id='word_1_65' title='bbox 428 1894 501 1958; x_wconf 94' lang='lat' dir='ltr'><strong>Deo</strong></span> <span class='ocrx_word' id='word_1_66' title='bbox 525 1899 601 1979; x_wconf 87' lang='lat' dir='ltr'><strong>per1</strong></span> <span class='ocrx_word' id='word_1_67' title='bbox 616 1894 773 1956; x_wconf 88' lang='lat' dir='ltr'><strong>immensa</strong></span> <span class='ocrx_word' id='word_1_68' title='bbox 796 1889 905 1954; x_wconf 90' lang='lat' dir='ltr'><strong>secula</strong></span> 
     </span>
    </p>

    <p class='ocr_par' dir='ltr' id='par_1_5' title="bbox 246 1993 889 2080">
     <span class='ocr_line' id='line_1_15' title="bbox 246 1993 889 2080; baseline 0.003 -24"><span class='ocrx_word' id='word_1_69' title='bbox 246 1994 298 2056; x_wconf 90' lang='lat' dir='ltr'><strong>Sit</strong></span> <span class='ocrx_word' id='word_1_70' title='bbox 321 1993 399 2058; x_wconf 90' lang='lat' dir='ltr'><strong>Tibi</strong></span> <span class='ocrx_word' id='word_1_71' title='bbox 423 1995 510 2060; x_wconf 89' lang='lat' dir='ltr'><strong>Nate</strong></span> <span class='ocrx_word' id='word_1_72' title='bbox 535 1997 633 2060; x_wconf 88' lang='lat' dir='ltr'><strong>decus</strong></span> <span class='ocrx_word' id='word_1_73' title='bbox 658 2007 691 2063; x_wconf 90' lang='lat' dir='ltr'><strong>et</strong></span> <span class='ocrx_word' id='word_1_74' title='bbox 714 1994 889 2080; x_wconf 89' lang='lat' dir='ltr'><strong>imperium</strong></span> 
     </span>
    </p>

    <p class='ocr_par' dir='ltr' id='par_1_6' title="bbox 245 2096 910 2184">
     <span class='ocr_line' id='line_1_16' title="bbox 245 2096 910 2184; baseline 0.005 -26"><span class='ocrx_word' id='word_1_75' title='bbox 245 2096 362 2160; x_wconf 91' lang='lat' dir='ltr'><strong>Honor</strong></span> <span class='ocrx_word' id='word_1_76' title='bbox 385 2108 530 2181; x_wconf 87' lang='lat' dir='ltr'><strong>potestas</strong></span> <span class='ocrx_word' id='word_1_77' title='bbox 558 2098 743 2182; x_wconf 87' lang='lat' dir='ltr'><strong>Sanctoque</strong></span> <span class='ocrx_word' id='word_1_78' title='bbox 768 2096 910 2184; x_wconf 88' lang='lat' dir='ltr'><strong>Spiritui</strong></span> 
     </span>
    </p>

    <p class='ocr_par' dir='ltr' id='par_1_7' title="bbox 244 2198 779 2262">
     <span class='ocr_line' id='line_1_17' title="bbox 244 2198 779 2262; baseline -0.004 0"><span class='ocrx_word' id='word_1_79' title='bbox 244 2198 297 2262; x_wconf 83' lang='lat' dir='ltr'><strong>Sit</strong></span> <span class='ocrx_word' id='word_1_80' title='bbox 319 2198 475 2262; x_wconf 89' lang='lat' dir='ltr'><strong>Trinitati</strong></span> <span class='ocrx_word' id='word_1_81' title='bbox 498 2199 584 2262; x_wconf 90' lang='lat' dir='ltr'><strong>salus</strong></span> <span class='ocrx_word' id='word_1_82' title='bbox 609 2198 779 2262; x_wconf 88' lang='lat' dir='ltr'><strong>individua</strong></span> 
     </span>
    </p>

    <p class='ocr_par' dir='ltr' id='par_1_8' title="bbox 243 2300 813 2366">
     <span class='ocr_line' id='line_1_18' title="bbox 243 2300 813 2366; baseline 0.002 -3"><span class='ocrx_word' id='word_1_83' title='bbox 243 2301 308 2363; x_wconf 91' lang='lat' dir='ltr'><strong>Per</strong></span> <span class='ocrx_word' id='word_1_84' title='bbox 333 2300 462 2366; x_wconf 91' lang='lat' dir='ltr'><strong>infinita</strong></span> <span class='ocrx_word' id='word_1_85' title='bbox 485 2301 668 2365; x_wconf 89' lang='lat' dir='ltr'><strong>seculorum</strong></span> <span class='ocrx_word' id='word_1_86' title='bbox 694 2300 813 2366; x_wconf 86' lang='lat' dir='ltr'><strong>secula.</strong></span> 
     </span>
    </p>
   </div>
   <div class='ocr_carea' id='block_1_5' title="bbox 357 2651 963 2720">
    <p class='ocr_par' dir='ltr' id='par_1_9' title="bbox 357 2651 963 2720">
     <span class='ocr_line' id='line_1_19' title="bbox 357 2651 963 2720; baseline -0.01 0"><span class='ocrx_word' id='word_1_87' title='bbox 357 2655 422 2719; x_wconf 88' lang='lat' dir='ltr'><strong>DE</strong></span> <span class='ocrx_word' id='word_1_88' title='bbox 453 2655 641 2720; x_wconf 86' lang='lat' dir='ltr'><strong>SANCTA</strong></span> <span class='ocrx_word' id='word_1_89' title='bbox 672 2651 963 2717; x_wconf 66' lang='grc' dir='ltr'><strong>ΤΒΙΝΙΤΑΤΕ.2</strong></span> 
     </span>
    </p>
   </div>
   <div class='ocr_carea' id='block_1_6' title="bbox 363 2833 881 4035">
    <p class='ocr_par' dir='ltr' id='par_1_10' title="bbox 369 2833 865 3226">
     <span class='ocr_line' id='line_1_20' title="bbox 384 2833 856 2899; baseline -0.004 -2"><span class='ocrx_word' id='word_1_90' title='bbox 384 2878 387 2883; x_wconf 93' lang='grc'>-</span> <span class='ocrx_word' id='word_1_91' title='bbox 413 2834 540 2899; x_wconf 85' lang='lat' dir='ltr'><strong>Adesto</strong></span> <span class='ocrx_word' id='word_1_92' title='bbox 568 2836 687 2899; x_wconf 86' lang='lat' dir='ltr'><strong>Sancta</strong></span> <span class='ocrx_word' id='word_1_93' title='bbox 712 2833 856 2897; x_wconf 87' lang='lat' dir='ltr'><strong>Trinitas</strong></span> 
     </span>
     <span class='ocr_line' id='line_1_21' title="bbox 371 2935 841 3022; baseline 0 -24"><span class='ocrx_word' id='word_1_94' title='bbox 371 2935 435 2999; x_wconf 87' lang='lat' dir='ltr'><strong>Par</strong></span> <span class='ocrx_word' id='word_1_95' title='bbox 461 2938 614 3022; x_wconf 87' lang='lat' dir='ltr'><strong>splendor</strong></span> <span class='ocrx_word' id='word_1_96' title='bbox 637 2959 702 3001; x_wconf 90' lang='lat' dir='ltr'><strong>una</strong></span> <span class='ocrx_word' id='word_1_97' title='bbox 726 2936 841 3000; x_wconf 88' lang='lat' dir='ltr'><strong>Deitas</strong></span> 
     </span>
     <span class='ocr_line' id='line_1_22' title="bbox 369 3038 865 3105; baseline -0.008 -1"><span class='ocrx_word' id='word_1_98' title='bbox 369 3039 438 3105; x_wconf 83' lang='lat' dir='ltr'><strong>Qui</strong></span> <span class='ocrx_word' id='word_1_99' title='bbox 465 3051 559 3103; x_wconf 84' lang='lat' dir='ltr'><strong>extas</strong></span> <span class='ocrx_word' id='word_1_100' title='bbox 585 3062 693 3102; x_wconf 88' lang='lat' dir='ltr'><strong>rerum</strong></span> <span class='ocrx_word' id='word_1_101' title='bbox 720 3038 865 3101; x_wconf 88' lang='lat' dir='ltr'><strong>omnium</strong></span> 
     </span>
     <span class='ocr_line' id='line_1_23' title="bbox 370 3140 756 3226; baseline 0 -23"><span class='ocrx_word' id='word_1_102' title='bbox 370 3141 448 3204; x_wconf 87' lang='lat' dir='ltr'><strong>Sine</strong></span> <span class='ocrx_word' id='word_1_103' title='bbox 473 3142 537 3204; x_wconf 89' lang='lat' dir='ltr'><strong>fine</strong></span> <span class='ocrx_word' id='word_1_104' title='bbox 560 3140 756 3226; x_wconf 86' lang='lat' dir='ltr'><strong>principum.</strong></span> 
     </span>
    </p>

    <p class='ocr_par' dir='ltr' id='par_1_11' title="bbox 368 3243 881 3632">
     <span class='ocr_line' id='line_1_24' title="bbox 412 3243 771 3341; baseline -0.003 -35"><span class='ocrx_word' id='word_1_105' title='bbox 412 3244 458 3307; x_wconf 91' lang='lat' dir='ltr'><strong>Te</strong></span> <span class='ocrx_word' id='word_1_106' title='bbox 483 3243 627 3341; x_wconf 68' lang='lat' dir='ltr'><strong>eplorum</strong></span> <span class='ocrx_word' id='word_1_107' title='bbox 653 3243 771 3306; x_wconf 87' lang='lat' dir='ltr'><strong>militia</strong></span> 
     </span>
     <span class='ocr_line' id='line_1_25' title="bbox 368 3345 800 3431; baseline -0.005 -22"><span class='ocrx_word' id='word_1_108' title='bbox 368 3345 497 3411; x_wconf 87' lang='lat' dir='ltr'><strong>Laudat</strong></span> <span class='ocrx_word' id='word_1_109' title='bbox 520 3348 633 3411; x_wconf 89' lang='lat' dir='ltr'><strong>adorat</strong></span> <span class='ocrx_word' id='word_1_110' title='bbox 654 3346 800 3431; x_wconf 89' lang='lat' dir='ltr'><strong>predicat</strong></span> 
     </span>
     <span class='ocr_line' id='line_1_26' title="bbox 369 3448 881 3532; baseline -0.004 -21"><span class='ocrx_word' id='word_1_111' title='bbox 369 3448 572 3532; x_wconf 88' lang='lat' dir='ltr'><strong>Triplexque</strong></span> <span class='ocrx_word' id='word_1_112' title='bbox 596 3449 710 3511; x_wconf 92' lang='lat' dir='ltr'><strong>mundi</strong></span> <span class='ocrx_word' id='word_1_113' title='bbox 733 3448 881 3510; x_wconf 91' lang='lat' dir='ltr'><strong>machina</strong></span> 
     </span>
     <span class='ocr_line' id='line_1_27' title="bbox 369 3547 780 3632; baseline 0.007 -23"><span class='ocrx_word' id='word_1_114' title='bbox 369 3547 540 3611; x_wconf 90' lang='lat' dir='ltr'><strong>Benedicit</strong></span> <span class='ocrx_word' id='word_1_115' title='bbox 563 3571 622 3632; x_wconf 91' lang='lat' dir='ltr'><strong>per</strong></span> <span class='ocrx_word' id='word_1_116' title='bbox 646 3548 780 3612; x_wconf 88' lang='lat' dir='ltr'><strong>saecula.</strong></span> 
     </span>
    </p>

    <p class='ocr_par' dir='ltr' id='par_1_12' title="bbox 363 3649 866 4035">
     <span class='ocr_line' id='line_1_28' title="bbox 409 3649 848 3713; baseline -0.005 -1"><span class='ocrx_word' id='word_1_117' title='bbox 409 3649 570 3713; x_wconf 85' lang='lat' dir='ltr'><strong>Assumus</strong></span> <span class='ocrx_word' id='word_1_118' title='bbox 595 3660 629 3712; x_wconf 92' lang='lat' dir='ltr'><strong>et</strong></span> <span class='ocrx_word' id='word_1_119' title='bbox 654 3671 712 3711; x_wconf 91' lang='lat' dir='ltr'><strong>nos</strong></span> <span class='ocrx_word' id='word_1_120' title='bbox 736 3649 848 3711; x_wconf 88' lang='lat' dir='ltr'><strong>cernui</strong></span> 
     </span>
     <span class='ocr_line' id='line_1_29' title="bbox 366 3748 745 3813; baseline -0.003 -1"><span class='ocrx_word' id='word_1_121' title='bbox 366 3748 413 3812; x_wconf 90' lang='lat' dir='ltr'><strong>Te</strong></span> <span class='ocrx_word' id='word_1_122' title='bbox 437 3749 606 3813; x_wconf 88' lang='lat' dir='ltr'><strong>adorantes</strong></span> <span class='ocrx_word' id='word_1_123' title='bbox 629 3748 745 3811; x_wconf 85' lang='lat' dir='ltr'><strong>famuli</strong></span> 
     </span>
     <span class='ocr_line' id='line_1_30' title="bbox 363 3850 866 3937; baseline 0.002 -25"><span class='ocrx_word' id='word_1_124' title='bbox 363 3850 453 3912; x_wconf 89' lang='lat' dir='ltr'><strong>Vota</strong></span> <span class='ocrx_word' id='word_1_125' title='bbox 477 3873 655 3937; x_wconf 86' lang='lat' dir='ltr'><strong>precesque</strong></span> <span class='ocrx_word' id='word_1_126' title='bbox 682 3850 866 3934; x_wconf 86' lang='lat' dir='ltr'><strong>supplicum</strong></span> 
     </span>
     <span class='ocr_line' id='line_1_31' title="bbox 367 3949 831 4035; baseline 0.013 -24"><span class='ocrx_word' id='word_1_127' title='bbox 367 3949 482 4012; x_wconf 91' lang='lat' dir='ltr'><strong>Ymnis</strong></span> <span class='ocrx_word' id='word_1_128' title='bbox 504 3953 606 4035; x_wconf 88' lang='lat' dir='ltr'><strong>junge</strong></span> <span class='ocrx_word' id='word_1_129' title='bbox 633 3952 831 4017; x_wconf 91' lang='lat' dir='ltr'><strong>caelestium.</strong></span> 
     </span>
    </p>
   </div>
   <div class='ocr_carea' id='block_1_7' title="bbox 408 4180 911 4308">
    <p class='ocr_par' dir='ltr' id='par_1_13' title="bbox 408 4180 911 4308">
     <span class='ocr_line' id='line_1_32' title="bbox 411 4180 911 4234; baseline 0.012 -6"><span class='ocrx_word' id='word_1_130' title='bbox 411 4180 417 4209; x_wconf 94' lang='lat'>¹</span> <span class='ocrx_word' id='word_1_131' title='bbox 435 4182 520 4229; x_wconf 85' lang='lat' dir='ltr'><strong>Added</strong></span> <span class='ocrx_word' id='word_1_132' title='bbox 531 4182 554 4228; x_wconf 90' lang='lat' dir='ltr'><strong>in</strong></span> <span class='ocrx_word' id='word_1_133' title='bbox 566 4199 580 4228; x_wconf 87' lang='lat' dir='ltr'><strong>a</strong></span> <span class='ocrx_word' id='word_1_134' title='bbox 590 4183 649 4229; x_wconf 81' lang='lat' dir='ltr'><strong>later</strong></span> <span class='ocrx_word' id='word_1_135' title='bbox 659 4183 721 4231; x_wconf 87' lang='lat' dir='ltr'><strong>band</strong></span> <span class='ocrx_word' id='word_1_136' title='bbox 732 4185 756 4230; x_wconf 89' lang='lat' dir='ltr'><strong>in</strong></span> <span class='ocrx_word' id='word_1_137' title='bbox 770 4186 823 4233; x_wconf 89' lang='lat' dir='ltr'><strong>MS.</strong></span> <span class='ocrx_word' id='word_1_138' title='bbox 831 4187 911 4234; x_wconf 88' lang='lat' dir='ltr'><strong>Vitell.</strong></span> 
     </span>
     <span class='ocr_line' id='line_1_33' title="bbox 408 4245 832 4308; baseline 0.009 -16"><span class='ocrx_word' id='word_1_139' title='bbox 408 4245 418 4274; x_wconf 75' lang='lat'>²</span> <span class='ocrx_word' id='word_1_140' title='bbox 434 4246 496 4293; x_wconf 71' lang='lat' dir='ltr'><strong>cort.</strong></span> <span class='ocrx_word' id='word_1_141' title='bbox 509 4247 564 4295; x_wconf 86' lang='lat' dir='ltr'><strong>MS.</strong></span> <span class='ocrx_word' id='word_1_142' title='bbox 577 4247 646 4308; x_wconf 84' lang='lat' dir='ltr'><strong>Vesp.</strong></span> <span class='ocrx_word' id='word_1_143' title='bbox 659 4248 688 4295; x_wconf 91' lang='lat' dir='ltr'><strong>D.</strong></span> <span class='ocrx_word' id='word_1_144' title='bbox 697 4247 738 4295; x_wconf 84' lang='lat' dir='ltr'><strong>xii.</strong></span> <span class='ocrx_word' id='word_1_145' title='bbox 751 4250 796 4295; x_wconf 78' lang='lat'><strong>115</strong></span> <span class='ocrx_word' id='word_1_146' title='bbox 808 4251 832 4296; x_wconf 92' lang='lat' dir='ltr'><strong>b.</strong></span> 
     </span>
    </p>
   </div>
   <div class='ocr_carea' id='block_1_8' title="bbox 996 4335 1018 4377">
    <p class='ocr_par' dir='ltr' id='par_1_14' title="bbox 996 4335 1018 4377">
     <span class='ocr_line' id='line_1_34' title="bbox 996 4335 1018 4377; baseline 0 0"><span class='ocrx_word' id='word_1_147' title='bbox 996 4335 1018 4377; x_wconf 93' lang='lat' dir='ltr'>Y</span> 
     </span>
    </p>
   </div>
   <div class='ocr_carea' id='block_1_9' title="bbox 1106 515 1164 579">
    <p class='ocr_par' dir='ltr' id='par_1_15' title="bbox 1106 515 1164 579">
     <span class='ocr_line' id='line_1_35' title="bbox 1106 515 1164 579; baseline -0.017 0"><span class='ocrx_word' id='word_1_148' title='bbox 1106 515 1164 579; x_wconf 85' lang='lat'><strong>161</strong></span> 
     </span>
    </p>
   </div>
   <div class='ocr_carea' id='block_1_10' title="bbox 0 0 1478 4980">
    <p class='ocr_par' dir='ltr' id='par_1_16' title="bbox 0 0 1478 4980">
     <span class='ocr_line' id='line_1_36' title="bbox 0 0 1478 4980; baseline 0 5"><span class='ocrx_word' id='word_1_149' title='bbox 0 0 1478 4980; x_wconf 95' lang='lat' dir='ltr'><strong> </strong></span> 
     </span>
    </p>
   </div>
  </div>
 </body>
</html>
