2948 4980
274 517 313 582 12
522 536 769 582 eunio-suos
793 534 1024 580 urunnrumr.

562 687 624 737 'ties
686 687 1024 750 faederbeelebuaelmihtige

563 765 649 816 resta
675 752 774 815 Pater
799 752 1004 835 omnipotens

511 853 554 902 urb
588 852 680 901 hoelend
767 853 823 900 erist
946 851 1041 899 drlhteu

492 857 555 982 l'er
575 919 688 982 Jesum
715 916 881 980 Christum
909 915 1089 979 Dominum

513 1024 542 1083 be
596 1020 684 1080 midbe
726 1034 756 1066 on
820 1032 918 1080 eenyue

491 1085 559 1152 Qui
586 1096 693 1147 tecum
719 1083 754 1144 in
778 1093 974 1165 perpetuum

527 1186 596 1234 rixsb
662 1186 712 1234 mid
769 1184 854 1248 balgen
918 1191 983 1247 geete

491 1251 623 1334 Regnat
649 1272 723 1313 cum
749 1249 867 1312 Sancto
893 1247 1031 1333 Spiritu.

427 1553 594 1618 YMNUS
629 1553 694 1616 AD
733 1551 1141 1617 COMPLETORIUM.¹

534 1744 584 1792 eale
600 1741 969 1806 bbueristbubeleohteertj
986 1743 1038 1806 dmg

537 1807 667 1871 Chn'ste
691 1809 749 1890 qui
773 1807 833 1870 lux
860 1831 894 1871 es
920 1819 953 1871 et
979 1807 1047 1870 dies

512 1909 596 1957 neebte
656 1912 748 1971 beostru
775 1909 947 1970 buoferhelust

493 1973 609 2037 Noctis
635 1974 782 2036 tenebras
806 1974 930 2056 detegis

513 2075 629 2138 qleohtee
712 2074 980 2137 leohtbueertgelyfed

491 2138 657 2222 Lucisque
682 2137 793 2203 lumen
816 2139 954 2202 crederis

530 2241 593 2289 leoht
679 2242 746 2303 eadig
827 2241 942 2288 bellende

492 2306 619 2368 Lumen
643 2305 775 2367 beatum
801 2305 980 2389 predicans.

553 2421 583 2469 pe
597 2404 991 2468 biddeb6eelebuhnlgudn'bten

537 2471 711 2534 Preeemur
736 2469 855 2568 Sancte
879 2469 1020 2532 Domine

526 2573 555 2620 be
573 2587 610 2620 ere
678 2589 706 2620 us
749 2589 778 2620 en
795 2573 879 2635 bissere
897 2571 971 2633 nyhte

493 2587 644 2700 Defende
667 2658 726 2700 nos
749 2637 784 2699 in
808 2637 867 2700 hac
894 2645 989 2699 nocte

515 2753 544 2799 sy
608 2753 636 2786 us
692 2754 722 2786 en
750 2741 779 2801 be
844 2746 891 2785 rest

496 2801 548 2868 Sit
573 2802 667 2866 nobis
693 2803 728 2864 in
751 2814 783 2865 te
809 2801 939 2883 requies

534 2904 618 2965 guyn
698 2903 764 2950 nile
838 2901 917 2962 forgyf

494 2967 648 3032 Quietem
673 2977 800 3030 noctem
826 2965 944 3029 tribue.

538 3072 599 3129 {Sne
641 3069 688 3118 hefi
770 3068 826 3130 sloep
896 3066 1006 3115 onhreose

538 3134 589 3198 Ne
613 3134 717 3219 gravis
741 3155 871 3197 somnus
897 3132 999 3194 irruat

506 3237 567 3293 bne
609 3237 678 3283 seond
733 3252 762 3283 us
803 3235 956 3292 undercreope

497 3297 568 3361 Nec
592 3299 694 3361 hostis
718 3320 777 3359 nos
801 3296 962 3378 subripiat

507 3397 642 3456 eneflaesc
673 3396 721 3443 him
747 3394 916 3458 greafi....¹

498 3462 550 3525 Ne
575 3483 646 3525 cero
672 3460 722 3522 illi
748 3459 951 3523 consentiens

522 3579 550 3611 us
609 3562 640 3624 be
667 3563 768 3626 seyldige
799 3572 886 3627 gesette

497 3627 567 3690 Nos
592 3628 653 3690 tibi
679 3650 749 3691 reos
775 3639 908 3693 statuat.

555 3744 627 3790 eugen
707 3729 762 3791 eloep
843 3729 955 3776 underson

542 3792 639 3855 Oculi
665 3814 813 3854 somnum
839 3793 968 3876 capiant

499 3891 580 3939 heorte
597 3899 621 3939 te
650 3889 682 3938 be
742 3891 796 3940 aelre
883 3892 962 3954 pecige

500 3955 565 4018 Cor
588 3956 629 4017 ad
652 3965 685 4019 te
710 3977 835 4038 semper
859 3956 972 4039 vigilet

318 4183 445 4233 ¹Durham
456 4184 629 4244 MS.‚f01.4b.
842 4178 852 4208 ²
876 4180 905 4228 In
927 4180 981 4229 MS.
1000 4181 1031 4228 D.
1053 4178 1173 4242 originally
1199 4176 1287 4242 gebest·

809 4245 891 4307 gentle,
901 4246 943 4294 but
954 4245 994 4294 the
1005 4244 1152 4294 termination
1168 4244 1189 4291 is
1199 4244 1286 4292 erased.
