2948 4980
668 491 845 535 urrunnu
870 493 913 536 To

514 625 590 689 Sese
615 626 787 711 flagrorum
812 628 957 711 stigmati

515 727 593 792 Celo
619 739 732 813 reptus
760 729 867 795 exuit.

553 828 732 891 Devinctus
758 829 824 891 acri
848 829 960 913 stipite

510 927 605 991 Loris
630 928 774 991 cruentis
796 930 961 1013 undique*

504 1029 614 1092 ⁴Danis
641 1028 784 1090 tribunal
807 1041 941 1094 execrat

509 1129 559 1192 Ac
584 1152 703 1192 numen
728 1131 800 1213 ejus
823 1131 998 1216 improbat.

523 1284 525 1287 ,
554 1231 622 1296 Qui
652 1231 835 1294 terebratus
857 1233 991 1317 spiculis

506 1315 609 1416 Regis
632 1337 779 1395 cruorem'
802 1335 961 1398 combibit

507 1435 616 1500 Quem
639 1457 698 1519 pro
722 1434 788 1497 suis
812 1435 966 1499 fidelibus

505 1535 601 1600 Velle
623 1535 706 1598 mori
733 1536 934 1619 conjicimus.

550 1638 619 1702 Nos
645 1637 704 1701 hac
726 1638 941 1702 Eadmundus
966 1641 1018 1704 die

504 1738 581 1802 Rex
606 1750 728 1822 martyr
751 1749 844 1822 optet
869 1742 973 1823 gratie

504 1841 581 1905 Qua
606 1841 812 1924 perfruamur
838 1842 973 1936 cplitum

505 1940 606 2004 Bonis
631 1965 690 2026 per
714 1965 808 2006 omne
832 1945 987 2008 seculum.

978 2049 1099 2115 Auru.

523 2254 623 2319 ¹Qua
646 2254 795 2318 Christus
818 2256 897 2317 hora
921 2255 1004 2319 sitiit

502 2353 640 2417 Crucem
664 2355 716 2418 vel
740 2356 774 2418 in
799 2379 864 2440 qua
887 2356 989 2419 subiit

477 2455 594 2520 ·Quos
617 2468 743 2540 prestat
769 2458 803 2521 in
829 2459 889 2522 hac
914 2459 1028 2521 sallere

498 2557 596 2622 Ditet
621 2529 676 2622 siti
699 2560 841 2660 justitio.

543 2659 676 2726 Quibus
700 2662 743 2725 sit
766 2673 800 2725 et
824 2663 948 2727 esuries

499 2761 606 2826 Quam
631 2762 700 2846 ipse
728 2763 767 2826 de
791 2788 825 2827 se
852 2766 947 2828 satiet

498 2863 627 2927 Crimen
654 2865 697 2928 sit
721 2879 759 2929 ut
786 2867 952 2930 fastidium

496 2964 679 3049 Virtusque
707 2967 877 3032 desiderio.

540 3066 690 3131 Karisma
715 3068 826 3132 Sancti
854 3070 999 3155 Spiritus

494 3167 549 3231 Sic
573 3168 690 3233 influat
714 3170 906 3236 sallentibus

494 3269 542 3332 Ut
565 3271 669 3334 carnis
692 3285 780 3335 estus
803 3273 920 3355 frigeat

494 3370 539 3432 Et
561 3371 680 3433 mentis
705 3372 795 3455 algor
819 3372 953 3438 ferveat.

621 3472 736 3537 Gloria
760 3474 821 3537 tibi
845 3475 1000 3540 Trinitas.

512 3747 653 3812 ‘Tomis
677 3759 726 3811 ter
748 3749 837 3812 horis
863 3769 1016 3811 numerus

489 3847 587 3946 Sacrp
609 3847 685 3911 fidei
713 3850 867 3932 panditur

489 3949 585 4014 Nunc
608 3949 780 4015 Trinitatis
805 3948 935 4012 nourine

487 4051 612 4116 Munus
636 4073 805 4136 precantur
830 4051 936 4150 venip.

487 4165 492 4171 ι
504 4164 730 4176 nam-mn...-
742 4165 1025 4175 ...ιιι-*ο-

305 4203 310 4234 ¹
330 4164 739 4268 ‹arnusto-suan.rursu.
804 4198 958 4251 mouns
970 4201 1040 4262 vau
1052 4199 1272 4251 parisinus
