2948 4980
670 528 847 571 APPENDIX
872 531 915 572 TO

531 668 643 731 Unum
668 681 700 731 te
726 668 836 732 lumen
863 671 1023 734 credimus

487 769 588 837 Quod
612 781 645 832 et
672 782 722 832 ter
745 770 831 834 idem
858 772 994 836 colimus

487 871 600 956 Alpha
624 885 657 936 et
682 873 713 937 Ο
737 896 834 958 quem
859 874 997 938 dicimus

487 975 535 1038 Te
559 975 672 1038 laudet
697 976 800 1038 omnis
825 976 970 1061 spiritus

531 1076 617 1140 Laus
641 1078 731 1140 Patri
756 1079 799 1140 sit
823 1078 970 1162 ingenito

487 1179 575 1241 Laus
598 1179 681 1264 Ejus
707 1179 885 1263 Unigenito

486 1280 574 1344 Laus
601 1281 644 1344 sit
668 1280 788 1344 Sancto
812 1282 954 1365 spiritui

488 1384 589 1446 Trino
612 1385 685 1447 Deo
710 1395 743 1447 et
766 1385 914 1469 simplici.

791 1487 908 1551 Amen.

424 1822 580 1906 [ALIUS
615 1822 679 1887 DE
711 1823 811 1887 UNO
842 1822 1141 1906 APOSTOLO.]¹

442 2011 562 2073 Annue
590 2012 722 2098 Christe*
751 2011 933 2082 seculorum
960 2011 1102 2074 Domine

399 2111 504 2175 Nobis
526 2115 725 2198 perborum
751 2113 812 2177 tibi
837 2135 909 2177 cara
933 2113 1049 2177 merita

399 2213 447 2277 Ut
472 2215 530 2298 qui
554 2226 587 2278 te
612 2239 717 2279 coram
742 2217 883 2299 graviter
905 2216 1102 2300 deliquimus

401 2313 530 2377 Horum
555 2316 721 2379 solvantur
745 2316 895 2399 gloriosis
920 2317 1099 2400 precibus·
1183 2343 1186 2349 ·

446 2415 542 2478 Salva
569 2416 771 2500 Redemptor
796 2418 918 2501 plasma
944 2429 1037 2481 tuum
1062 2417 1171 2480 nobile

403 2517 574 2601 Signatum
601 2529 710 2582 sancto
736 2519 845 2583 vultus
871 2521 920 2583 tui
947 2520 1069 2582 lumine

402 2619 455 2683 Ne
482 2621 615 2684 lacerari
639 2623 724 2685 sinas
748 2623 862 2687 fraude
889 2625 1063 2687 demonum

403 2723 542 2807 Propter
567 2725 655 2807 quod
681 2725 795 2788 mortis
822 2725 991 2789 exsolvisti
1015 2723 1168 2808 pretium.

445 2825 530 2888 Dole
555 2827 698 2910 captivos
720 2843 791 2889 'esse
814 2837 888 2888 tuos
915 2825 1059 2889 servulos

401 2927 545 2989 Absolve
569 2951 640 2991 reos
665 2930 863 3013 compeditos
889 2930 977 3013 erige

402 3028 448 3091 Et
474 3050 555 3112 quos
579 3051 692 3092 cruore
718 3031 883 3095 redemisti
907 3033 1038 3118 proprio

401 3130 479 3194 Rex
502 3132 587 3194 bone
615 3142 720 3195 tecum
745 3133 795 3196 fac
818 3135 959 3217 gaudere
981 3133 1152 3218 perpetim.

445 3231 497 3294 Sit
520 3232 581 3294 tibi
603 3233 682 3296 Jesu
704 3235 874 3298 benedicte
897 3235 1039 3298 Domine

403 3334 519 3398 Gloria
541 3334 644 3395 virtus
669 3333 772 3394 honor
798 3344 832 3395 et
857 3334 1030 3417 imperium

402 3435 479 3498 Una
504 3455 577 3496 cum
601 3433 697 3495 Patre
722 3431 907 3515 Sanctoquc
930 3431 1093 3496 Paraclito

403 3535 487 3599 Cum
511 3534 630 3618 quibus
656 3555 769 3618 regnas
794 3534 885 3596 Deus
911 3547 985 3597 ante
1009 3534 1128 3597 secula.

1054 3635 1171 3701 Amen.

324 3893 330 3923 ¹
349 3895 411 3943 cut.
423 3895 477 3943 MS.
488 3893 557 3953 Vcsp.
570 3893 599 3939 D.
609 3892 649 3940 xii.
662 3893 702 3940 fol.
710 3895 741 3939 98
753 3893 778 3953 b,
789 3892 882 3939 written
893 3907 954 3954 upon
963 3909 978 3941 a
988 3893 1111 3942 continued
1122 3867 1221 3943 erasure.
