2948 4980
473 526 719 570 asopo-saxos
744 527 972 571 mmmmm,
1159 508 1217 572 121

360 663 362 667 ι
404 679 446 728 bia
460 681 547 728 bornen
568 680 657 742 bissem
727 682 811 728 benum
870 681 976 743 eadigum

386 744 538 808 Curritur
560 745 677 808 horum
703 745 854 829 precibus
878 745 982 810 beatis

389 847 524 894 scinendum
535 846 644 896 heofones
662 847 741 895 bosme
800 847 909 910 gelogode

383 911 525 994 Fulgido
552 911 612 1011 cpli
639 911 763 995 gremio
789 911 933 975 locemur

744 1030 774 1060 on
786 1029 850 1061 eoum
903 1013 943 1061 lite

729 1077 869 1161 Perpete
892 1077 969 1142 vita.

421 1179 504 1241 puldor
520 1181 580 1240 baare
591 1178 675 1242 balgen
685 1179 806 1228 arfaestlioe
818 1181 948 1242 brynnysse

386 1243 534 1305 Gloriam
559 1243 679 1344 Sanctp
701 1244 755 1329 pie
779 1243 934 1306 Trinitati

389 1344 490 1406 maenigu
555 1359 625 1406 spege
717 1343 782 1406 ainga
831 1360 848 1406 Ἰ
902 1345 981 1407 pealce

384 1407 496 1469 Turba
519 1407 678 1492 persultet
704 1419 797 1472 canat
823 1418 857 1471 et
879 1409 1018 1472 resolvet

403 1524 441 1557 seo
475 1509 605 1572 punigende
662 1508 730 1558 rixa&
804 1511 850 1573 god
922 1511 952 1558 an
992 1511 1112 1560 onaeloere

384 1574 462 1670 Qup
484 1596 616 1636 manens
640 1585 755 1656 regnat
777 1575 870 1638 Deus
896 1574 980 1638 umis
1007 1577 1094 1638 omni

792 1676 840 1724 tide
917 1677 1013 1739 porulde

729 1739 887 1824 Tempore
912 1741 1017 1805 saecli.

943 1843 1063 1908 Amos.

253 2181 420 2245 YMNUS
453 2180 506 2245 IN
536 2182 730 2248 NATALE
763 2182 935 2246 SANCTI
966 2181 1179 2251 MARTINI

597 2285 839 2353 EPISCOPI.¹

466 2466 610 2529 Martine
641 2466 804 2529 confessor
826 2466 891 2529 Dei

421 2566 542 2630 Valens
563 2568 673 2650 vigore
697 2568 831 2651 spiritus

425 2669 538 2732 Carnis
564 2669 722 2732 fatescens
748 2670 885 2732 artubus

422 2771 542 2835 Mortis
566 2772 680 2868 futurp
702 2771 857 2854 prescius.

468 2874 537 2940 Qui
563 2896 642 2959 pace
667 2873 789 2937 Christi
815 2873 950 2937 affluens

424 2977 464 3039 In
490 2976 616 3040 unitate
644 2976 787 3061 Spiritus

422 3078 537 3142 Divisa
559 3079 703 3141 membra
730 3078 874 3172 aeoclesip

423 3180 500 3243 Paci
525 3179 700 3244 reformans
727 3180 832 3244 unice.

464 3282 573 3348 Quem
598 3282 666 3346 vita
691 3282 756 3346 fert
778 3283 982 3367 probabilem

419 3384 529 3451 Quem
555 3407 642 3448 mors
665 3396 800 3450 cruenta
823 3409 889 3450 non
914 3386 1002 3453 ledet

419 3472 488 3551 Qui
518 3486 591 3549 calli
616 3486 805 3551 diversutias

420 3587 461 3649 In
485 3588 598 3650 mortis
620 3589 700 3651 hora
726 3589 870 3672 derogat.

464 3689 556 3753 Haec
582 3689 675 3773 plebs
698 3690 761 3752 fide
788 3690 1030 3774 promptissima

420 3791 486 3855 Tui
510 3791 576 3854 diei
599 3793 718 3873 gaudia

420 3893 519 3958 Votis
545 3893 624 3957 colit
649 3895 801 3958 fidelibus

420 3994 547 4058 Adesto
570 3995 660 4059 mitis
684 3997 844 4060 omnibus

550 4246 556 4275 ¹
574 4247 678 4297 Durham
691 4250 755 4308 MS„
768 4248 807 4298 fol.
819 4250 859 4297 36.
