2948 4980
437 534 683 579 ANGLO-SAXON
708 537 936 582 HYMNARIUM.

465 689 569 753 eallunga
596 707 629 738 nn
672 690 829 753 puiaderlice
840 693 978 756 beorhtnyss

457 754 530 817 Jam
555 777 642 818 nunc
667 767 803 838 paterna
826 756 955 820 claritas

430 865 459 925 pe
525 880 555 926 pe
566 865 652 926 biddslt
695 867 870 928 genihtsumlice

391 927 464 990 'Te
490 929 691 1011 postulamus
718 931 840 994 affatim

418 1052 478 1099 apag
487 1038 565 1101 gepis
576 1040 671 1103 galnyss
684 1040 853 1103 gehorpigende

415 1102 515 1165 Absit
540 1103 644 1168 libido
670 1105 837 1169 sordidans

477 1212 544 1275 *jaelc
639 1214 691 1262 daed
735 1214 874 1277 defigendlic

416 1277 597 1362 Omnisque
623 1288 714 1342 actus
739 1278 871 1342 noxius·

478 1400 495 1448 Ἰ
570 1388 605 1436 ful
636 1390 776 1451 nasyoppe
824 1389 894 1450 slipor

457 1450 528 1514 Nec
553 1451 627 1514 feda
651 1452 694 1515 sit
718 1453 771 1516 vel
796 1452 922 1516 lubrica

418 1561 570 1623 gefegednyss
618 1577 670 1610 ures
734 1562 848 1611 lichoman

414 1625 577 1709 Conpago'
594 1624 697 1690 nostri
721 1626 867 1710 corporis

421 1735 480 1796 burh
541 1734 571 1796 ba
656 1735 720 1798 hylle
778 1751 810 1783 on
821 1736 898 1798 syrum

414 1799 477 1862 Per
503 1821 602 1884 quam
628 1799 751 1864 Averni
777 1799 909 1882 ignibus

415 1924 445 1972 pe
453 1909 509 1957 selfe
520 1908 581 1957 beo&
592 1909 728 1972 fonpaelede
739 1909 854 1958 teanlicor

413 1974 481 2058 Ipsi
506 1996 685 2037 crememur
712 1974 827 2038 acrius.

473 2084 508 2131 for
547 2086 580 2146 by
646 2083 743 2145 alysend
851 2082 978 2146 pebiddap

453 2148 505 2212 Ob
531 2147 592 2211 hoc
619 2148 804 2231 redemptor
828 2169 1004 2230 quesumus

419 2258 467 2317 baet
520 2271 574 2303 man
657 2270 698 2303 ure
757 2253 895 2316 buadilegie

412 2319 461 2382 Ut
482 2321 602 2402 probra
627 2329 737 2382 nostra
762 2318 873 2381 deluas

434 2428 486 2477 lifes
588 2445 639 2478 ecus
734 2428 874 2490 behesnyssa

407 2491 488 2593 Vitg
515 2493 689 2576 perhennis
716 2493 883 2556 commoda

451 2619 479 2650 us
556 2602 696 2666 pelpillende
734 2601 874 2664 pulsurhteo

410 2664 516 2728 Nobis
542 2667 703 2749 benignus
730 2666 886 2729 conferas.

442 2791 472 2822 on
484 2777 536 2837 pun
563 2773 650 2824 flaesces
670 2772 802 2821 framdaede
813 2771 907 2834 utlagan

450 2839 527 2904 Quo
553 2838 656 2902 carnis
682 2848 765 2900 actu·
785 2835 900 2899 exules

407 2951 538 3012 geperdene
548 2949 591 2997 heo
603 2948 661 3011 sylis
671 2947 755 2996 heofan
765 2946 879 3010 biggende

406 3014 527 3077 Effecti
564 3013 627 3098 ipsi
667 3012 787 3109 cplibes

421 3139 432 3170 s
450 3138 517 3185 aspa
528 3137 558 3185 pe
569 3121 678 3182 subidisp
711 3119 852 3180 forpalotene

448 3198 462 3249 t
484 3185 699 3270 prestolamur
724 3183 836 3246 cernui

436 3297 484 3345 lofu
549 3311 579 3359 pe
591 3295 673 3358 singna
710 3294 805 3357 puldres

415 3361 522 3424 Melos
546 3382 697 3424 canamus
721 3358 836 3455 glorip.

478 3471 556 3534 getiba
612 3471 684 3519 feder
720 3469 889 3532 busrfaestesta
923 3514 925 3519 .

455 3536 569 3599 Presta
593 3536 693 3599 Pater
719 3533 864 3618 piissime

443 3646 543 3708 7faeder
613 3660 705 3708 gemam
743 3644 884 3692 {sncaennsda

412 3710 568 3794 Patrique
595 3731 725 3792 compar
749 3709 844 3770 unice

441 3817 490 3865 mid
560 3825 625 3880 gasts
721 3815 790 3864 frofer

412 3881 496 3945 Cum
523 3881 650 3966 Spiritu
675 3880 833 3965 paraclite

421 4005 438 4053 Ἰ
503 4008 536 4040 nn
601 4006 617 4054 7
656 4007 686 4038 on
758 4006 854 4053 ecnyssa

409 4057 456 4118 Et
482 4079 568 4119 nunc
594 4066 628 4118 et
652 4055 687 4118 in
712 4066 918 4140 perpetuum.

828 4158 848 4204 si
858 4156 895 4204 hit
905 4172 954 4219 spa.

825 4221 944 4285 Auen.
