2948 4980
465 528 712 572 ANGLO-sAon
739 527 968 573 HYMNARIUM.

485 682 549 745 yma
613 697 654 729 ure
719 680 794 728 maef

470 745 561 809 Mala
584 756 693 808 nostra
717 744 801 828 pelle

485 848 546 910 gedu
610 846 667 895 ealle
747 845 802 893 bide

470 912 562 974 Bona
587 921 704 974 cuncta
727 930 834 993 posce.

530 1014 652 1076 gesputela
683 1016 713 1075 pe
745 1013 805 1060 beon
864 1010 944 1057 moder

513 1077 663 1141 Monstra
684 1087 717 1140 te
740 1099 808 1139 esse
831 1074 974 1137 Matrem

518 1179 608 1243 *Jnime
669 1178 756 1240 buself
800 1177 859 1225 bene

470 1243 650 1326 Sumatque
676 1244 747 1326 ipse
773 1263 902 1325 precem

469 1345 533 1405 sepe
577 1344 613 1391 for
676 1359 704 1391 us
768 1342 870 1390 menned

469 1407 538 1473 Qui
563 1430 623 1491 pro
650 1407 744 1470 nobis
769 1417 866 1469 natus

469 1506 667 1570 underfengbeon
693 1507 737 1568 Pin

472 1570 565 1635 Tulit
588 1593 656 1635 esse
682 1582 770 1634 tuus.

561 1671 592 1720 lif
660 1687 741 1735 geama
799 1674 872 1722 elene

511 1735 623 1799 Vitam
648 1747 756 1820 presta
780 1759 895 1821 puram

467 1837 645 1900 sih-faetgeeree
687 1838 765 1886 orsorh

469 1901 539 1964 Iter
567 1922 644 1985 para
669 1913 779 1966 tutum

485 2005 505 2063 ’fi
560 2005 674 2066 gemende
691 2006 750 2065 bone
761 2003 852 2052 haelend

469 2067 519 2130 Ut
543 2067 689 2131 videntes
715 2068 828 2131 Jesum

508 2170 563 2218 aeFre
624 2185 653 2233 pe
665 2169 743 2218 samod
754 2169 865 2232 blissigan

471 2234 605 2318 Semper
632 2234 860 2297 conlaetemur.

516 2337 607 2385 maeden
665 2337 770 2386 enseelde

512 2399 616 2484 Virgo
643 2401 815 2485 singularis

469 2503 558 2563 betpux
597 2501 682 2551 eallum
735 2503 783 2565 libe

469 2566 559 2628 Inter
585 2588 696 2628 omnes
719 2566 808 2629 mitis

493 2681 522 2714 us
554 2665 602 2713 mid
612 2667 679 2728 gyltfi
701 2665 806 2728 tolysede

469 2730 539 2792 Nos
566 2728 669 2813 culpis
693 2729 817 2792 solutos

499 2832 549 2896 like
608 2833 638 2880 do
682 2846 699 2895 Ἰ
742 2834 839 2880 claene‘

470 2898 572 2961 Mites
597 2896 648 2959 fac
673 2907 707 2959 et
734 2908 847 2961 castos.

523 3014 551 3061 sy
604 2997 640 3045 lof
684 2998 743 3060 gode
785 2997 858 3045 faeder

512 3061 564 3124 Sit
589 3061 660 3124 laus
682 3061 755 3123 Deo
779 3060 869 3124 Patri

505 3162 578 3210 healic
659 3161 727 3210 cn'ste
802 3162 860 3224 plite

469 3226 602 3289 Summo
626 3225 756 3289 Christo
784 3226 881 3290 decus

499 3335 562 3391 geste
579 3331 612 3390 pe
627 3328 712 3392 halgan

469 3392 607 3477 Spiritui
632 3393 751 3456 Sancto

466 3497 595 3557 vurbmynt
627 3497 695 3556 βψω
766 3511 797 3543 an

469 3558 586 3621 Honor
610 3558 715 3621 trinus
741 3580 837 3621 unus,

726 3674 754 3720 sy
764 3658 800 3706 hit
810 3672 853 3718 spa

727 3722 844 3786 Amen.
