<?xml version="1.0" encoding="UTF-8"?>
<!DOCTYPE html PUBLIC "-//W3C//DTD XHTML 1.0 Transitional//EN"
    "http://www.w3.org/TR/xhtml1/DTD/xhtml1-transitional.dtd">
<html xmlns="http://www.w3.org/1999/xhtml" xml:lang="en" lang="en">
 <head>
  <title>
</title>
<meta http-equiv="Content-Type" content="text/html;charset=utf-8" />
  <meta name='ocr-system' content='tesseract 3.04.00' />
  <meta name='ocr-capabilities' content='ocr_page ocr_carea ocr_par ocr_line ocrx_word'/>
</head>
<body>
  <div class='ocr_page' id='page_1' title='image "./latinhymnsanglo00stevgoog_0080.png"; bbox 0 0 2948 4980; ppageno 0'>
   <div class='ocr_carea' id='block_1_1' title="bbox 442 539 941 585">
    <p class='ocr_par' dir='ltr' id='par_1_1' title="bbox 442 539 941 585">
     <span class='ocr_line' id='line_1_1' title="bbox 442 539 941 585; baseline 0.004 -3"><span class='ocrx_word' id='word_1_1' title='bbox 442 539 688 585; x_wconf 65' lang='lat' dir='ltr'><strong>suono-suon</strong></span> <span class='ocrx_word' id='word_1_2' title='bbox 712 539 941 584; x_wconf 81' lang='lat' dir='ltr'><strong>HYMNARIUM.</strong></span> 
     </span>
    </p>
   </div>
   <div class='ocr_carea' id='block_1_2' title="bbox 405 693 841 842">
    <p class='ocr_par' dir='ltr' id='par_1_2' title="bbox 405 693 841 842">
     <span class='ocr_line' id='line_1_2' title="bbox 431 693 823 758; baseline 0.008 -17"><span class='ocrx_word' id='word_1_3' title='bbox 431 694 478 741; x_wconf 86' lang='lat' dir='ltr'><strong>sele</strong></span> <span class='ocrx_word' id='word_1_4' title='bbox 527 693 586 755; x_wconf 69' lang='lat' dir='ltr'><strong>burh</strong></span> <span class='ocrx_word' id='word_1_5' title='bbox 641 693 823 758; x_wconf 78' lang='lat' dir='ltr'><strong>forhaefednyssa</strong></span> 
     </span>
     <span class='ocr_line' id='line_1_3' title="bbox 405 757 841 842; baseline 0.009 -23"><span class='ocrx_word' id='word_1_6' title='bbox 405 757 502 820; x_wconf 93' lang='lat' dir='ltr'><strong>Dona</strong></span> <span class='ocrx_word' id='word_1_7' title='bbox 529 781 588 842; x_wconf 88' lang='lat' dir='ltr'><strong>per</strong></span> <span class='ocrx_word' id='word_1_8' title='bbox 613 759 841 823; x_wconf 83' lang='lat' dir='ltr'><strong>abstinentiam</strong></span> 
     </span>
    </p>
   </div>
   <div class='ocr_carea' id='block_1_3' title="bbox 404 859 849 1007">
    <p class='ocr_par' dir='ltr' id='par_1_3' title="bbox 404 859 849 1007">
     <span class='ocr_line' id='line_1_4' title="bbox 447 859 824 924; baseline 0.013 -18"><span class='ocrx_word' id='word_1_9' title='bbox 447 859 513 908; x_wconf 78' lang='lat' dir='ltr'><strong>fresta</strong></span> <span class='ocrx_word' id='word_1_10' title='bbox 562 860 609 914; x_wconf 70' lang='lat' dir='ltr'><strong>bat</strong></span> <span class='ocrx_word' id='word_1_11' title='bbox 649 862 703 908; x_wconf 90' lang='lat' dir='ltr'><strong>mod</strong></span> <span class='ocrx_word' id='word_1_12' title='bbox 762 862 824 924; x_wconf 78' lang='lat' dir='ltr'><strong>syfre</strong></span> 
     </span>
     <span class='ocr_line' id='line_1_5' title="bbox 404 924 849 1007; baseline 0.009 -22"><span class='ocrx_word' id='word_1_13' title='bbox 404 924 539 1007; x_wconf 84' lang='lat' dir='ltr'><strong>Jejunet</strong></span> <span class='ocrx_word' id='word_1_14' title='bbox 564 934 603 986; x_wconf 93' lang='lat' dir='ltr'><strong>ut</strong></span> <span class='ocrx_word' id='word_1_15' title='bbox 626 947 716 988; x_wconf 89' lang='lat' dir='ltr'><strong>mens</strong></span> <span class='ocrx_word' id='word_1_16' title='bbox 743 926 849 990; x_wconf 90' lang='lat' dir='ltr'><strong>sobria</strong></span> 
     </span>
    </p>
   </div>
   <div class='ocr_carea' id='block_1_4' title="bbox 403 1025 899 1173">
    <p class='ocr_par' dir='ltr' id='par_1_4' title="bbox 403 1025 899 1173">
     <span class='ocr_line' id='line_1_6' title="bbox 403 1025 850 1089; baseline 0.011 -18"><span class='ocrx_word' id='word_1_17' title='bbox 403 1025 439 1072; x_wconf 75' lang='lat' dir='ltr'><strong>fta</strong></span> <span class='ocrx_word' id='word_1_18' title='bbox 453 1039 550 1088; x_wconf 77' lang='lat' dir='ltr'><strong>paemme</strong></span> <span class='ocrx_word' id='word_1_19' title='bbox 577 1026 681 1089; x_wconf 80' lang='lat' dir='ltr'><strong>enllungn</strong></span> <span class='ocrx_word' id='word_1_20' title='bbox 761 1027 850 1076; x_wconf 87' lang='lat' dir='ltr'><strong>leahtra</strong></span> 
     </span>
     <span class='ocr_line' id='line_1_7' title="bbox 403 1089 899 1173; baseline 0.006 -21"><span class='ocrx_word' id='word_1_21' title='bbox 403 1089 436 1152; x_wconf 95' lang='lat' dir='ltr'>A</span> <span class='ocrx_word' id='word_1_22' title='bbox 462 1089 535 1152; x_wconf 90' lang='lat' dir='ltr'><strong>labe</strong></span> <span class='ocrx_word' id='word_1_23' title='bbox 561 1112 692 1173; x_wconf 89' lang='lat' dir='ltr'><strong>prorsus</strong></span> <span class='ocrx_word' id='word_1_24' title='bbox 718 1091 899 1156; x_wconf 88' lang='lat' dir='ltr'><strong>criminum.</strong></span> 
     </span>
    </p>
   </div>
   <div class='ocr_carea' id='block_1_5' title="bbox 446 1190 879 1342">
    <p class='ocr_par' dir='ltr' id='par_1_5' title="bbox 446 1190 879 1342">
     <span class='ocr_line' id='line_1_8' title="bbox 460 1190 879 1255; baseline 0.01 -18"><span class='ocrx_word' id='word_1_25' title='bbox 460 1191 540 1253; x_wconf 69' lang='lat' dir='ltr'><strong>getiba</strong></span> <span class='ocrx_word' id='word_1_26' title='bbox 551 1190 570 1236; x_wconf 87' lang='grc' dir='ltr'><strong>.ό</strong></span> <span class='ocrx_word' id='word_1_27' title='bbox 581 1191 632 1238; x_wconf 77' lang='lat' dir='ltr'><strong>ecla</strong></span> <span class='ocrx_word' id='word_1_28' title='bbox 643 1195 674 1254; x_wconf 68' lang='lat' dir='ltr'><strong>bn</strong></span> <span class='ocrx_word' id='word_1_29' title='bbox 685 1194 765 1255; x_wconf 81' lang='lat' dir='ltr'><strong>eadige</strong></span> <span class='ocrx_word' id='word_1_30' title='bbox 776 1195 879 1255; x_wconf 69' lang='lat' dir='ltr'><strong>brynncs</strong></span> 
     </span>
     <span class='ocr_line' id='line_1_9' title="bbox 446 1254 852 1342; baseline 0.007 -25"><span class='ocrx_word' id='word_1_31' title='bbox 446 1254 560 1318; x_wconf 89' lang='lat' dir='ltr'><strong>Presta</strong></span> <span class='ocrx_word' id='word_1_32' title='bbox 586 1256 681 1342; x_wconf 87' lang='lat' dir='ltr'><strong>beata</strong></span> <span class='ocrx_word' id='word_1_33' title='bbox 708 1257 852 1320; x_wconf 83' lang='lat' dir='ltr'><strong>Trinitas</strong></span> 
     </span>
    </p>
   </div>
   <div class='ocr_carea' id='block_1_6' title="bbox 403 1356 865 1506">
    <p class='ocr_par' dir='ltr' id='par_1_6' title="bbox 403 1356 865 1506">
     <span class='ocr_line' id='line_1_10' title="bbox 440 1356 865 1422; baseline 0.009 -19"><span class='ocrx_word' id='word_1_34' title='bbox 440 1356 519 1419; x_wconf 78' lang='lat' dir='ltr'><strong>lorgyf</strong></span> <span class='ocrx_word' id='word_1_35' title='bbox 532 1357 546 1402; x_wconf 88' lang='lat'><em>6</em></span> <span class='ocrx_word' id='word_1_36' title='bbox 558 1359 608 1406; x_wconf 84' lang='lat' dir='ltr'><strong>esla</strong></span> <span class='ocrx_word' id='word_1_37' title='bbox 620 1360 651 1420; x_wconf 68' lang='lat' dir='ltr'><strong>bn</strong></span> <span class='ocrx_word' id='word_1_38' title='bbox 661 1359 766 1407; x_wconf 81' lang='lat' dir='ltr'><strong>ansenlde</strong></span> <span class='ocrx_word' id='word_1_39' title='bbox 777 1376 865 1422; x_wconf 75' lang='lat' dir='ltr'><strong>annyss</strong></span> 
     </span>
     <span class='ocr_line' id='line_1_11' title="bbox 403 1419 852 1506; baseline 0.002 -23"><span class='ocrx_word' id='word_1_40' title='bbox 403 1419 552 1484; x_wconf 85' lang='lat' dir='ltr'>Concede</span> <span class='ocrx_word' id='word_1_41' title='bbox 579 1423 719 1506; x_wconf 87' lang='lat' dir='ltr'><strong>simplex</strong></span> <span class='ocrx_word' id='word_1_42' title='bbox 745 1425 852 1486; x_wconf 84' lang='lat' dir='ltr'><strong>unitas</strong></span> 
     </span>
    </p>
   </div>
   <div class='ocr_carea' id='block_1_7' title="bbox 416 1523 730 1586">
    <p class='ocr_par' dir='ltr' id='par_1_7' title="bbox 416 1523 730 1586">
     <span class='ocr_line' id='line_1_12' title="bbox 416 1523 730 1586; baseline 0.013 -18"><span class='ocrx_word' id='word_1_43' title='bbox 416 1524 435 1579; x_wconf 67' lang='lat' dir='ltr'><strong>ll</strong></span> <span class='ocrx_word' id='word_1_44' title='bbox 485 1523 545 1570; x_wconf 85' lang='lat' dir='ltr'><strong>beon</strong></span> <span class='ocrx_word' id='word_1_45' title='bbox 609 1524 730 1586; x_wconf 84' lang='lat' dir='ltr'><strong>andfaenge</strong></span> 
     </span>
    </p>
   </div>
   <div class='ocr_carea' id='block_1_8' title="bbox 299 1557 780 1671">
    <p class='ocr_par' dir='ltr' id='par_1_8' title="bbox 299 1557 780 1671">
     <span class='ocr_line' id='line_1_13' title="bbox 299 1557 780 1671; baseline 0.01 -25"><span class='ocrx_word' id='word_1_46' title='bbox 299 1557 303 1563; x_wconf 12' lang='grc' dir='ltr'><em>ᾗ</em></span> <span class='ocrx_word' id='word_1_47' title='bbox 403 1585 452 1648; x_wconf 86' lang='lat' dir='ltr'><strong>Ut</strong></span> <span class='ocrx_word' id='word_1_48' title='bbox 478 1586 542 1649; x_wconf 90' lang='lat' dir='ltr'><strong>sint</strong></span> <span class='ocrx_word' id='word_1_49' title='bbox 568 1588 780 1671; x_wconf 85' lang='lat' dir='ltr'><strong>acceptabilia</strong></span> 
     </span>
    </p>
   </div>
   <div class='ocr_carea' id='block_1_9' title="bbox 403 1687 777 1836">
    <p class='ocr_par' dir='ltr' id='par_1_9' title="bbox 403 1687 777 1836">
     <span class='ocr_line' id='line_1_14' title="bbox 471 1687 715 1740; baseline 0.025 -6"><span class='ocrx_word' id='word_1_50' title='bbox 471 1687 567 1737; x_wconf 83' lang='lat' dir='ltr'><strong>laestena</strong></span> <span class='ocrx_word' id='word_1_51' title='bbox 680 1692 715 1740; x_wconf 83' lang='lat' dir='ltr'><strong>lac</strong></span> 
     </span>
     <span class='ocr_line' id='line_1_15' title="bbox 403 1751 777 1836; baseline 0.016 -23"><span class='ocrx_word' id='word_1_52' title='bbox 403 1751 609 1836; x_wconf 90' lang='lat' dir='ltr'><strong>Jejuniorum</strong></span> <span class='ocrx_word' id='word_1_53' title='bbox 633 1778 777 1821; x_wconf 89' lang='lat' dir='ltr'><strong>munera.</strong></span> 
     </span>
    </p>
   </div>
   <div class='ocr_carea' id='block_1_10' title="bbox 683 1860 810 1991">
    <p class='ocr_par' dir='ltr' id='par_1_10' title="bbox 683 1860 810 1991">
     <span class='ocr_line' id='line_1_16' title="bbox 689 1860 810 1924; baseline 0.017 -17"><span class='ocrx_word' id='word_1_54' title='bbox 689 1860 708 1907; x_wconf 84' lang='lat' dir='ltr'><strong>si</strong></span> <span class='ocrx_word' id='word_1_55' title='bbox 719 1860 756 1908; x_wconf 84' lang='lat' dir='ltr'><strong>hit</strong></span> <span class='ocrx_word' id='word_1_56' title='bbox 766 1876 810 1924; x_wconf 79' lang='lat' dir='ltr'><strong>spa</strong></span> 
     </span>
     <span class='ocr_line' id='line_1_17' title="bbox 683 1924 803 1991; baseline 0.033 -4"><span class='ocrx_word' id='word_1_57' title='bbox 683 1924 803 1991; x_wconf 90' lang='lat' dir='ltr'><strong>Amen.</strong></span> 
     </span>
    </p>
   </div>
   <div class='ocr_carea' id='block_1_11' title="bbox 526 2191 874 2260">
    <p class='ocr_par' dir='ltr' id='par_1_11' title="bbox 526 2191 874 2260">
     <span class='ocr_line' id='line_1_18' title="bbox 526 2191 874 2260; baseline 0.014 -6"><span class='ocrx_word' id='word_1_58' title='bbox 526 2191 648 2256; x_wconf 88' lang='lat' dir='ltr'><strong>ITEM</strong></span> <span class='ocrx_word' id='word_1_59' title='bbox 678 2195 874 2260; x_wconf 86' lang='lat' dir='ltr'>YMNUS.¹</span> 
     </span>
    </p>
   </div>
   <div class='ocr_carea' id='block_1_12' title="bbox 399 2363 949 4055">
    <p class='ocr_par' dir='ltr' id='par_1_12' title="bbox 402 2363 891 2753">
     <span class='ocr_line' id='line_1_19' title="bbox 446 2363 891 2448; baseline -0.004 -20"><span class='ocrx_word' id='word_1_60' title='bbox 446 2364 502 2428; x_wconf 89' lang='lat' dir='ltr'><strong>Ex</strong></span> <span class='ocrx_word' id='word_1_61' title='bbox 527 2388 616 2429; x_wconf 86' lang='lat' dir='ltr'><strong>more</strong></span> <span class='ocrx_word' id='word_1_62' title='bbox 641 2365 729 2428; x_wconf 87' lang='lat' dir='ltr'><strong>docti</strong></span> <span class='ocrx_word' id='word_1_63' title='bbox 753 2363 891 2448; x_wconf 87' lang='lat' dir='ltr'><strong>mystico</strong></span> 
     </span>
     <span class='ocr_line' id='line_1_20' title="bbox 405 2465 828 2550; baseline -0.002 -21"><span class='ocrx_word' id='word_1_64' title='bbox 405 2465 576 2529; x_wconf 87' lang='lat' dir='ltr'><strong>Servemus</strong></span> <span class='ocrx_word' id='word_1_65' title='bbox 603 2489 643 2529; x_wconf 91' lang='lat' dir='ltr'><strong>en</strong></span> <span class='ocrx_word' id='word_1_66' title='bbox 662 2466 828 2550; x_wconf 86' lang='lat' dir='ltr'><strong>jejunium</strong></span> 
     </span>
     <span class='ocr_line' id='line_1_21' title="bbox 405 2567 834 2632; baseline 0.005 -2"><span class='ocrx_word' id='word_1_67' title='bbox 405 2567 536 2630; x_wconf 91' lang='lat' dir='ltr'><strong>Denum</strong></span> <span class='ocrx_word' id='word_1_68' title='bbox 561 2569 686 2631; x_wconf 88' lang='lat' dir='ltr'><strong>dierum</strong></span> <span class='ocrx_word' id='word_1_69' title='bbox 713 2569 834 2632; x_wconf 88' lang='lat' dir='ltr'><strong>circulo</strong></span> 
     </span>
     <span class='ocr_line' id='line_1_22' title="bbox 402 2670 859 2753; baseline 0.004 -20"><span class='ocrx_word' id='word_1_70' title='bbox 402 2671 513 2733; x_wconf 91' lang='lat' dir='ltr'><strong>Ducto</strong></span> <span class='ocrx_word' id='word_1_71' title='bbox 540 2681 656 2753; x_wconf 87' lang='lat' dir='ltr'><strong>quater</strong></span> <span class='ocrx_word' id='word_1_72' title='bbox 679 2670 859 2735; x_wconf 78' lang='lat' dir='ltr'><strong>notissimo</strong></span> 
     </span>
    </p>

    <p class='ocr_par' dir='ltr' id='par_1_13' title="bbox 400 2770 949 3159">
     <span class='ocr_line' id='line_1_23' title="bbox 444 2770 945 2870; baseline 0 -36"><span class='ocrx_word' id='word_1_73' title='bbox 444 2771 518 2834; x_wconf 87' lang='lat' dir='ltr'><strong>Lex</strong></span> <span class='ocrx_word' id='word_1_74' title='bbox 545 2780 579 2833; x_wconf 91' lang='lat' dir='ltr'><strong>et</strong></span> <span class='ocrx_word' id='word_1_75' title='bbox 601 2770 768 2870; x_wconf 55' lang='lat' dir='ltr'><strong>Propheta</strong></span> <span class='ocrx_word' id='word_1_76' title='bbox 793 2771 945 2855; x_wconf 85' lang='lat' dir='ltr'><strong>primitus</strong></span> 
     </span>
     <span class='ocr_line' id='line_1_24' title="bbox 404 2871 941 2956; baseline -0.004 -20"><span class='ocrx_word' id='word_1_77' title='bbox 404 2871 478 2936; x_wconf 90' lang='lat' dir='ltr'><strong>Hoc</strong></span> <span class='ocrx_word' id='word_1_78' title='bbox 501 2871 711 2956; x_wconf 86' lang='lat' dir='ltr'><strong>protulerunt</strong></span> <span class='ocrx_word' id='word_1_79' title='bbox 734 2873 941 2956; x_wconf 88' lang='lat' dir='ltr'><strong>postmodum</strong></span> 
     </span>
     <span class='ocr_line' id='line_1_25' title="bbox 402 2972 882 3038; baseline 0.002 -2"><span class='ocrx_word' id='word_1_80' title='bbox 402 2973 552 3037; x_wconf 91' lang='lat' dir='ltr'><strong>Christus</strong></span> <span class='ocrx_word' id='word_1_81' title='bbox 579 2972 713 3037; x_wconf 87' lang='lat' dir='ltr'><strong>sacravit</strong></span> <span class='ocrx_word' id='word_1_82' title='bbox 737 2974 882 3038; x_wconf 90' lang='lat' dir='ltr'><strong>omnium</strong></span> 
     </span>
     <span class='ocr_line' id='line_1_26' title="bbox 400 3073 949 3159; baseline 0.004 -21"><span class='ocrx_word' id='word_1_83' title='bbox 400 3073 477 3138; x_wconf 84' lang='lat' dir='ltr'><strong>Rex</strong></span> <span class='ocrx_word' id='word_1_84' title='bbox 502 3084 603 3158; x_wconf 85' lang='lat' dir='ltr'><strong>atque</strong></span> <span class='ocrx_word' id='word_1_85' title='bbox 627 3073 731 3137; x_wconf 87' lang='lat' dir='ltr'><strong>factor</strong></span> <span class='ocrx_word' id='word_1_86' title='bbox 755 3085 949 3159; x_wconf 87' lang='lat' dir='ltr'><strong>temporum.</strong></span> 
     </span>
    </p>

    <p class='ocr_par' dir='ltr' id='par_1_14' title="bbox 399 3175 844 3548">
     <span class='ocr_line' id='line_1_27' title="bbox 444 3175 839 3260; baseline 0.008 -22"><span class='ocrx_word' id='word_1_87' title='bbox 444 3175 586 3239; x_wconf 82' lang='lat' dir='ltr'><strong>Utamur</strong></span> <span class='ocrx_word' id='word_1_88' title='bbox 612 3199 688 3259; x_wconf 90' lang='lat' dir='ltr'><strong>ergo</strong></span> <span class='ocrx_word' id='word_1_89' title='bbox 712 3178 839 3260; x_wconf 87' lang='lat' dir='ltr'><strong>parcius</strong></span> 
     </span>
     <span class='ocr_line' id='line_1_28' title="bbox 400 3278 844 3362; baseline 0.002 -20"><span class='ocrx_word' id='word_1_90' title='bbox 400 3278 518 3342; x_wconf 84' lang='lat' dir='ltr'><strong>Verbis</strong></span> <span class='ocrx_word' id='word_1_91' title='bbox 545 3278 627 3341; x_wconf 86' lang='lat' dir='ltr'><strong>cibis</strong></span> <span class='ocrx_word' id='word_1_92' title='bbox 653 3289 687 3341; x_wconf 90' lang='lat' dir='ltr'><strong>et</strong></span> <span class='ocrx_word' id='word_1_93' title='bbox 710 3279 844 3362; x_wconf 91' lang='lat' dir='ltr'><strong>potibus</strong></span> 
     </span>
     <span class='ocr_line' id='line_1_29' title="bbox 402 3379 815 3464; baseline 0.002 -22"><span class='ocrx_word' id='word_1_94' title='bbox 402 3379 522 3444; x_wconf 87' lang='lat' dir='ltr'><strong>Somno</strong></span> <span class='ocrx_word' id='word_1_95' title='bbox 545 3380 627 3464; x_wconf 92' lang='lat' dir='ltr'><strong>jocis</strong></span> <span class='ocrx_word' id='word_1_96' title='bbox 656 3390 690 3443; x_wconf 86' lang='lat' dir='ltr'><strong>et</strong></span> <span class='ocrx_word' id='word_1_97' title='bbox 713 3381 815 3444; x_wconf 85' lang='lat' dir='ltr'><strong>artius</strong></span> 
     </span>
     <span class='ocr_line' id='line_1_30' title="bbox 399 3481 830 3548; baseline 0.005 -3"><span class='ocrx_word' id='word_1_98' title='bbox 399 3482 587 3545; x_wconf 89' lang='lat' dir='ltr'><strong>Perstemus</strong></span> <span class='ocrx_word' id='word_1_99' title='bbox 612 3481 647 3544; x_wconf 93' lang='lat' dir='ltr'><strong>in</strong></span> <span class='ocrx_word' id='word_1_100' title='bbox 674 3483 830 3548; x_wconf 86' lang='lat' dir='ltr'><strong>custodia.</strong></span> 
     </span>
    </p>

    <p class='ocr_par' dir='ltr' id='par_1_15' title="bbox 401 3581 938 3970">
     <span class='ocr_line' id='line_1_31' title="bbox 442 3581 890 3666; baseline 0.002 -21"><span class='ocrx_word' id='word_1_101' title='bbox 442 3581 596 3646; x_wconf 88' lang='lat' dir='ltr'><strong>Vitemus</strong></span> <span class='ocrx_word' id='word_1_102' title='bbox 619 3595 727 3646; x_wconf 90' lang='lat' dir='ltr'><strong>autem</strong></span> <span class='ocrx_word' id='word_1_103' title='bbox 752 3583 890 3666; x_wconf 91' lang='lat' dir='ltr'><strong>pessima</strong></span> 
     </span>
     <span class='ocr_line' id='line_1_32' title="bbox 401 3682 938 3768; baseline 0 -21"><span class='ocrx_word' id='word_1_104' title='bbox 401 3682 477 3748; x_wconf 87' lang='lat' dir='ltr'><strong>Que</strong></span> <span class='ocrx_word' id='word_1_105' title='bbox 504 3683 668 3746; x_wconf 89' lang='lat' dir='ltr'><strong>subruunt</strong></span> <span class='ocrx_word' id='word_1_106' title='bbox 693 3695 818 3747; x_wconf 88' lang='lat' dir='ltr'><strong>mentes</strong></span> <span class='ocrx_word' id='word_1_107' title='bbox 843 3707 938 3768; x_wconf 82' lang='lat' dir='ltr'><strong>vagas</strong></span> 
     </span>
     <span class='ocr_line' id='line_1_33' title="bbox 401 3784 885 3868; baseline 0.006 -22"><span class='ocrx_word' id='word_1_108' title='bbox 401 3784 607 3868; x_wconf 88' lang='lat' dir='ltr'><strong>Nullumquc</strong></span> <span class='ocrx_word' id='word_1_109' title='bbox 631 3784 744 3848; x_wconf 89' lang='lat' dir='ltr'><strong>demus</strong></span> <span class='ocrx_word' id='word_1_110' title='bbox 768 3785 885 3850; x_wconf 92' lang='lat' dir='ltr'><strong>callido</strong></span> 
     </span>
     <span class='ocr_line' id='line_1_34' title="bbox 402 3884 852 3970; baseline 0.007 -21"><span class='ocrx_word' id='word_1_111' title='bbox 402 3884 500 3949; x_wconf 89' lang='lat' dir='ltr'><strong>Hosti</strong></span> <span class='ocrx_word' id='word_1_112' title='bbox 525 3885 634 3949; x_wconf 92' lang='lat' dir='ltr'><strong>locum</strong></span> <span class='ocrx_word' id='word_1_113' title='bbox 661 3887 852 3970; x_wconf 88' lang='lat' dir='ltr'><strong>tyrannidis.</strong></span> 
     </span>
    </p>

    <p class='ocr_par' dir='ltr' id='par_1_16' title="bbox 443 3988 872 4055">
     <span class='ocr_line' id='line_1_35' title="bbox 443 3988 872 4055; baseline 0.012 -5"><span class='ocrx_word' id='word_1_114' title='bbox 443 3988 598 4052; x_wconf 87' lang='lat' dir='ltr'><strong>Dicamus</strong></span> <span class='ocrx_word' id='word_1_115' title='bbox 624 4011 734 4052; x_wconf 90' lang='lat' dir='ltr'><strong>omnes</strong></span> <span class='ocrx_word' id='word_1_116' title='bbox 760 3993 872 4055; x_wconf 87' lang='lat' dir='ltr'><strong>cernui</strong></span> 
     </span>
    </p>
   </div>
   <div class='ocr_carea' id='block_1_13' title="bbox 304 4089 854 4180">
    <p class='ocr_par' dir='ltr' id='par_1_17' title="bbox 304 4089 854 4180">
     <span class='ocr_line' id='line_1_36' title="bbox 304 4089 854 4180; baseline 0.005 -29"><span class='ocrx_word' id='word_1_117' title='bbox 304 4170 310 4180; x_wconf 35' lang='grc' dir='ltr'><em>Ι</em></span> <span class='ocrx_word' id='word_1_118' title='bbox 401 4089 583 4152; x_wconf 86' lang='lat' dir='ltr'><strong>Clamemus</strong></span> <span class='ocrx_word' id='word_1_119' title='bbox 610 4099 709 4173; x_wconf 92' lang='lat' dir='ltr'><strong>atque</strong></span> <span class='ocrx_word' id='word_1_120' title='bbox 733 4091 854 4175; x_wconf 85' lang='lat' dir='ltr'><strong>singuli</strong></span> 
     </span>
    </p>
   </div>
   <div class='ocr_carea' id='block_1_14' title="bbox 521 4247 857 4308">
    <p class='ocr_par' dir='ltr' id='par_1_18' title="bbox 521 4247 857 4308">
     <span class='ocr_line' id='line_1_37' title="bbox 521 4247 857 4308; baseline 0.015 -14"><span class='ocrx_word' id='word_1_121' title='bbox 521 4247 528 4276; x_wconf 91' lang='lat'>¹</span> <span class='ocrx_word' id='word_1_122' title='bbox 546 4248 649 4297; x_wconf 83' lang='lat' dir='ltr'><strong>Durham</strong></span> <span class='ocrx_word' id='word_1_123' title='bbox 662 4250 724 4308; x_wconf 71' lang='lat' dir='ltr'><strong>MS„</strong></span> <span class='ocrx_word' id='word_1_124' title='bbox 740 4250 779 4298; x_wconf 85' lang='lat' dir='ltr'><strong>fol.</strong></span> <span class='ocrx_word' id='word_1_125' title='bbox 793 4251 821 4297; x_wconf 82' lang='lat'><strong>18</strong></span> <span class='ocrx_word' id='word_1_126' title='bbox 834 4251 857 4299; x_wconf 87' lang='lat' dir='ltr'><strong>b.</strong></span> 
     </span>
    </p>
   </div>
   <div class='ocr_carea' id='block_1_15' title="bbox 0 0 1478 4980">
    <p class='ocr_par' dir='ltr' id='par_1_19' title="bbox 0 0 1478 4980">
     <span class='ocr_line' id='line_1_38' title="bbox 0 0 1478 4980; baseline 0 0"><span class='ocrx_word' id='word_1_127' title='bbox 0 0 1478 4980; x_wconf 95' lang='lat' dir='ltr'><strong> </strong></span> 
     </span>
    </p>
   </div>
  </div>
 </body>
</html>
