2948 4980
653 493 829 537 APPENDIX
854 496 898 537 TO

572 707 640 771 AD
678 705 986 770 MATUTINAS.¹

508 866 628 930 Lustra
651 889 710 929 sex
733 867 791 950 qui
807 868 876 951 jam
896 877 1029 950 peracta

464 966 608 1052 Tempus
634 968 772 1051 implens
796 967 940 1051 corporis

463 1068 506 1132 Se
529 1069 657 1133 volente
681 1079 777 1132 natus
801 1068 842 1131 ad
865 1068 925 1132 hoc

463 1170 617 1234 Passione
639 1170 769 1235 deditus

461 1270 578 1355 Agnus
601 1272 636 1335 in
661 1294 755 1335 cruce
779 1272 904 1334 levatur

461 1369 682 1439 Immolandus
704 1375 828 1460 stipite.

503 1476 569 1541 Hic
592 1481 703 1542 aceto²
724 1478 769 1541 fel
794 1478 919 1542 arundo

460 1578 565 1662 Sputa
588 1581 686 1645 clavis
709 1581 820 1645 lancea

459 1677 544 1743 Mite
571 1704 688 1766 corpus
713 1682 900 1767 perforatur

459 1778 599 1865 Sanguis
622 1785 709 1847 unda
733 1784 870 1868 profluit

458 1881 559 1946 Terra
582 1886 732 1969 pondus³
754 1897 839 1948 astra
864 1887 1005 1950 mundus

458 1982 535 2048 Quo
561 1985 711 2049 lavantur
736 1986 882 2050 flumine.

502 2087 594 2152 Crux
616 2088 723 2152 fidelis
746 2089 833 2151 inter
858 2111 970 2153 omnes

455 2189 565 2253 Arbor
590 2213 657 2253 una
680 2189 799 2253 nobilis

456 2290 558 2354 Nulla
581 2290 661 2353 silva
687 2289 785 2352 talem
807 2290 934 2374 profert

455 2391 584 2455 Fronde
608 2391 686 2454 flore
710 2390 854 2474 germine

453 2492 560 2556 Dulce
585 2493 712 2576 lignum
737 2492 847 2556 dulces
871 2493 976 2558 clavos

453 2596 560 2660 Dulce
584 2597 712 2682 pondus
738 2597 888 2662 sustinet.

493 2697 604 2761 Flecte
633 2720 738 2761 ramos
759 2698 854 2762 arbor
878 2698 943 2762 alta

452 2799 559 2863 Tensa
581 2800 657 2863 laxa
682 2800 803 2863 viscera

449 2902 496 2965 Et
517 2902 606 2985 rigor
627 2901 785 2965 lentescat
810 2901 867 2964 ille

454 3002 564 3069 Quem
590 3003 680 3066 dedit
703 3003 855 3067 nativitas

449 3105 496 3168 Et
518 3107 650 3189 superni
674 3108 819 3170 membra
838 3107 942 3190 Regis

449 3205 523 3270 Niti
548 3206 682 3269 tendas⁴
703 3206 825 3290 stipite.

494 3305 572 3368 Sola
595 3307 694 3389 digna
717 3317 756 3369 tu
778 3307 869 3369 fuisti

448 3407 546 3470 Ferre
571 3405 715 3489 pretium
738 3406 839 3469 seculi

448 3507 562 3591 Atque
589 3517 707 3588 putum
730 3529 899 3592 preparare

449 3608 560 3672 Nauta
585 3609 707 3671 mundo
733 3610 890 3693 naufrago

449 3709 557 3776 Quem
584 3732 673 3772 sacer
699 3732 793 3772 cruor
816 3712 975 3795 perunxit

448 3812 554 3875 Fusus
579 3811 654 3894 agni
676 3833 819 3894 corpore.

493 3912 610 3975 Gloria
636 3922 670 3975 et
692 3910 796 3974 honor
822 3911 905 3975 Deo.

288 4059 294 4089 ¹
311 4058 439 4107 conns
450 4055 520 4119 vesp
532 4055 665 4104 oanni
676 4054 730 4102 121.
784 4054 795 4083 ⁴
812 4055 1043 4135 capuanum:
1060 4063 1103 4113 ou
1122 4030 1251 4119 affl

285 4125 296 4154 ¹
312 4127 431 4172 Acetum?
752 4121 858 4168 ‘undas
896 4122 946 4195 ple
957 4141 1019 4173 more
1029 4138 1114 4178 correct
1124 4135 1219 4196 rading
1230 4137 1250 4184 i,

286 4189 297 4219 ³
313 4190 421 4236 Pontus?
753 4183 850 4245 perhaps
862 4186 944 4235 ‘miti'
