2948 4980
592 540 837 587 ANGLo-shxou
862 543 1090 590 HYMNARIUM.

593 697 638 758 gyf
656 698 808 759 pupipraecst
828 699 877 761 hpa
916 699 1009 762 forgyss

597 759 633 822 Si
657 762 789 825 rennuis
812 763 886 846 quis
909 765 1033 828 tribuet

570 861 675 923 gemiltra
696 862 731 910 for
741 863 773 924 ha
784 863 815 926 he
825 865 909 928 mihtig
925 868 956 927 pu
967 876 1017 915 eart

553 924 692 1009 Indulge
718 928 795 1010 quia
819 942 936 1012 potens
960 954 994 994 es

550 1026 595 1088 gyf
607 1027 881 1090 ouheortauyobidduu
918 1031 1001 1080 olaenre

552 1090 588 1153 si
614 1093 710 1154 corde
733 1116 882 1177 rogamus
905 1098 1026 1160 mundo

553 1194 834 1258 gepisrlioelrureealtof
897 1199 981 1248 behote

552 1256 648 1322 Certe
672 1261 769 1324 debes
793 1285 836 1325 ex
861 1264 1030 1348 promisso.

591 1361 846 1412 comortliceunderfoh
938 1381 978 1412 ure

592 1426 682 1509 Ergo
708 1438 875 1511 acceptare
901 1440 1046 1492 nostrum

553 1529 625 1589 pube
640 1529 776 1593 gehalgodor
837 1532 919 1581 faeroen

548 1590 617 1656 Qui
641 1595 771 1658 sacrasti
792 1597 958 1680 jjunium

552 1697 626 1755 0an
669 1697 769 1758 rynelice
825 1699 942 1746 easterlice

547 1758 625 1824 Quo
651 1760 785 1842 mystice
809 1762 969 1844 paschalia

558 1873 587 1920 pe
598 1860 710 1907 underfon
791 1877 880 1923 gerynn

547 1923 719 2006 Capiamus
744 1936 950 1988 sacramenta.

589 2041 627 2072 roo
637 2025 723 2073 healice
777 2042 805 2073 us
884 2031 904 2087 h
921 2029 1018 2084 burhteo
1030 2030 1042 2076 i
1052 2030 1140 2092 sorgyfe

589 2089 722 2152 Summa
747 2091 840 2154 nobis
865 2092 927 2155 hoc
951 2094 1094 2157 conferat

548 2208 578 2238 on
588 2193 763 2256 godrundnysse
774 2197 892 2257 prynnyrs

544 2256 584 2318 In
609 2258 727 2320 deitate
753 2259 897 2322 Trinitas

548 2373 578 2404 ou
605 2360 668 2420 lraera
738 2359 819 2421 uldrah
900 2377 930 2409 au

544 2420 584 2483 In
608 2444 674 2506 qua
698 2375 855 2507 gioriatur
880 2448 965 2489 unus

541 2524 616 2585 geond
659 2525 716 2572 ealle
775 2526 871 2588 porulda
929 2529 973 2589 god

542 2587 605 2650 Per
629 2599 746 2652 cuncta
769 2590 878 2654 secula
900 2591 1002 2655 Deus.

931 2694 1048 2759 Arnen.

397 2981 564 3046 rurus
597 2983 662 3047 Du
694 2983 880 3050 sANoro
913 2941 1262 3050 occursuros

582 3167 724 3250 Magnus
750 3168 842 3231 miles
867 3165 1027 3229 mirabilis

540 3268 658 3330 Multis
684 3268 842 3351 effulgens
868 3266 992 3329 meritis

539 3369 762 3433 Cuthberhtus
788 3392 873 3431 nunc
897 3390 971 3430 curn
993 3365 1136 3430 Domino

539 3470 672 3534 Gaudet
696 3471 829 3555 pereuni
853 3469 988 3554 premio·

585 3573 696 3636 Carnis
722 3586 828 3637 terens
851 3570 999 3634 incendia

539 3675 644 3738 Corde
668 3674 805 3737 credidit
827 3673 969 3737 Domino

541 3776 669 3840 Caduca
694 3789 809 3840 cuncta
833 3786 1039 3839 contemnens

541 3877 694 3943 Caritatis
720 3879 836 3944 officio.

584 3979 682 4065 Legis
706 3981 856 4044 mandata
879 3978 1012 4042 Domini

537 4083 660 4147 Laetus
684 4083 833 4168 implevit
859 4105 955 4167 opere

376 4269 383 4299 ¹
400 4270 504 4318 Durham
516 4270 580 4328 MS„
590 4268 632 4317 sol.
640 4269 680 4327 20,
693 4267 718 4316 in
731 4267 807 4315 which
819 4283 875 4328 copy
887 4267 907 4315 it
917 4266 938 4315 ir
952 4267 1050 4315 without
1060 4266 1101 4315 the
1114 4267 1189 4316 Soxon
1201 4269 1272 4331 gloss.
