2948 4980
437 546 682 592 anano-saxon
707 546 933 594 Humanarum.
1127 537 1187 602 155

314 684 562 768 Absentemque
588 684 673 747 diem
700 684 761 748 lux
790 686 869 769 aegit
895 688 1013 751 aemula

316 785 425 852 Quam
448 810 516 849 nox
542 809 616 850 cum
643 786 747 851 lacero
769 788 854 852 victa
875 789 963 872 fugit
987 790 1136 874 peplo.]1

358 888 387 952 Ο
413 911 464 952 res
488 890 584 973 digna
608 889 707 953 Pater
732 914 830 974 quarn
854 891 916 954 tibi
939 892 1074 955 roscidae

314 989 411 1054 Votis
436 990 598 1074 principio
623 1013 706 1074 grex
732 1002 809 1055 tuus
833 992 947 1056 offerat

313 1088 404 1152 Luce
431 1112 496 1172 qua
521 1091 639 1154 tribuis
665 1092 713 1154 nil
733 1093 916 1173 preciosius

314 1189 404 1253 Luce
429 1214 495 1274 qua
519 1192 646 1276 reliqua
669 1195 793 1277 premia
819 1195 989 1258 cernimus.

357 1292 409 1355 Tu
431 1292 492 1354 lux
513 1314 588 1355 vera
610 1294 713 1356 oculis
735 1294 796 1357 lux
820 1318 951 1379 quoque
974 1298 1120 1361 sensibus

314 1391 409 1454 Intus
431 1402 469 1454 tu
496 1393 663 1475 speculum
688 1406 726 1456 tu
753 1395 921 1478 speculum
948 1396 1027 1460 foris

235 1541 240 1546 -
313 1494 440 1557 Lumen
466 1495 555 1576 quod
580 1493 738 1557 famulans
764 1495 863 1558 offero
887 1497 1013 1580 suscipe

255 1597 256 1601 ’
315 1595 469 1658 Tinctum
494 1595 620 1679 pacifici
647 1595 827 1658 chrismatis
849 1597 1004 1680 unguine.

356 1696 420 1758 Per
437 1696 602 1758 Christum
620 1695 779 1758 Genitum
802 1719 924 1759 summe
941 1698 1039 1761 Pater
1062 1712 1156 1762 tuum

316 1795 354 1858 [n
378 1819 444 1880 quo
470 1796 608 1859 visibilis
632 1806 696 1858 stat
722 1797 784 1859 tibi
810 1797 912 1880 gloria

312 1897 381 1963 Qui
404 1910 515 1962 noster
537 1898 698 1962 Dominus
725 1900 784 1982 qui
807 1910 885 1962 tuus
913 1902 1029 1965 unicus

312 1998 423 2081 Spirat
447 2000 486 2062 de
512 2001 618 2084 patrio
644 2000 739 2062 corde
763 2001 971 2067 Paraclitum.

354 2100 418 2162 Per
441 2123 537 2183 quern
564 2101 715 2184 splendor
740 2101 842 2165 honor
865 2103 935 2167 laus
962 2107 1118 2190 sapientia

311 2198 467 2285 Majestas
489 2202 618 2266 bonitas
643 2214 677 2265 et
701 2203 805 2288 pietas
832 2217 889 2267 tua

309 2300 462 2384 Regnum
486 2304 656 2366 continuat
681 2305 814 2368 numine
837 2306 957 2391 triplici

310 2401 441 2466 Texens
463 2405 632 2488 perpetuis
658 2406 766 2469 secula
790 2408 916 2472 seculis.

416 2706 512 2768 ²Jam
535 2705 662 2768 Christe
687 2706 744 2768 Sol
765 2706 911 2770 Justitiae

393 2807 517 2870 Mentis
542 2807 685 2869 diescant
712 2807 857 2870 tenebrae

346 2899 348 2911 ³
391 2909 564 2972 Virtutum
591 2918 628 2969 ut
654 2906 713 2970 lux
738 2907 848 2970 redeat

394 3010 503 3073 Terris
530 3009 614 3071 diem
642 3009 719 3071 dum
745 3031 883 3092 reparas.

433 3112 524 3174 Dans
550 3120 678 3193 tempus
704 3111 903 3194 acceptabile

390 3213 437 3275 Et
461 3212 609 3296 penitens
635 3234 691 3275 cor
716 3213 825 3276 tribue

391 3315 566 3379 Convertat
589 3325 628 3377 ut
652 3315 835 3398 benignitas

394 3417 487 3482 Quos
511 3417 608 3500 longa
631 3418 745 3480 suffert
770 3418 884 3501 pietas.

432 3518 663 3601 Quiddamque
686 3519 869 3612 penitentip

388 3618 441 3681 Da
465 3616 550 3680 ferre
577 3618 723 3701 quamvis
745 3620 917 3702 grandium

387 3720 515 3803 Majore
540 3728 598 3782 tuo
625 3741 759 3781 munere

386 3821 464 3886 Quo
488 3819 633 3903 demptio
660 3820 703 3882 sit
729 3811 911 3882 criminum.

315 4081 366 4129 Om.
377 4080 402 4126 in
414 4081 444 4127 V.
591 4079 601 4108 ²
618 4081 679 4130 Cott.
692 4082 746 4130 MS.
760 4083 830 4143 Vesp.
843 4083 874 4129 D.
882 4082 925 4129 xii.
935 4083 976 4130 fol.
986 4084 1038 4131 120.
