2948 4980
511 525 758 570 erroro-suxere
783 523 1010 568 misrrumum.
1221 501 1270 564 83‘

524 683 606 745 alym
705 684 748 731 mc
834 681 919 744 3011aest

474 746 658 831 Redempta
682 747 776 831 plebs
801 746 964 830 captivata

500 848 585 911 agyfen
645 848 698 896 lifes
761 850 827 897 mede

475 912 618 976 Reddita
642 913 710 982 vite
734 913 871 998 premio.

533 985 706 1078 iraennearisyL
779 983 839 1064 ¹¹erist
907 1016 1048 1077 onbyrgene

518 1079 714 1164 Consurgit¹
740 1080 889 1144 Christus
914 1079 1042 1143 tumulo

486 1183 588 1245 eigefaest
598 1182 627 1231 he
636 1183 763 1247 gehpert'de
773 1183 800 1230 oi
822 1183 883 1231 helle

475 1247 590 1311 Victor
612 1247 697 1310 redit
719 1248 758 1310 de
781 1247 933 1310 barathro

485 1355 541 1413 pell
550 1354 654 1417 hreopne
686 1355 822 1403 besoufende
871 1357 932 1405 bend

476 1418 665 1502 Tyrannum
687 1418 823 1481 trudens
843 1419 984 1486 vinculo.

498 1536 515 1582 -Ι
540 1520 708 1583 geopenigeude
740 1534 907 1583 neoxnepauge

476 1585 522 1647 Et
547 1607 689 1647 reserans
714 1583 918 1668 paradysum.

552 1687 678 1751 pebiddup
712 1686 830 1746 6ealalru
840 1685 989 1735 ealdorealra

520 1753 708 1819 Quesumus
735 1752 863 1814 Auctor
888 1751 1032 1832 omnium

485 1871 515 1903 on
527 1854 615 1917 pisseto
634 1852 767 1900 eusterlioen
815 1852 898 1914 gefeen

476 1919 516 1982 In
540 1919 601 1981 hoc
624 1916 773 1981 Paschali
799 1917 918 2000 gaudio

485 2021 522 2068 fre
565 2019 646 2068 aeleum
685 2018 770 2078 deabee
826 2033 913 2066 onraese

479 2084 534 2148 Ab
560 2083 648 2146 omni
674 2081 787 2144 mortis
810 2083 936 2166 impetu

515 2186 554 2246 bin
616 2183 768 2247 Pubeperige
849 2184 894 2232 felc

478 2250 587 2312 Tuum
614 2247 767 2311 defendas
793 2248 963 2331 populum.

547 2351 630 2414 puldor
687 2352 715 2411 pe
761 2349 879 2397 6d1ihten

521 2415 638 2479 Gloria
665 2415 725 2477 tibi
749 2414 891 2477 Domine

488 2517 562 2578 butte
632 2518 692 2565 ariee
757 2517 794 2564 fre
827 2518 925 2565 deedum

479 2582 548 2647 Qui
573 2581 745 2643 surrexisti
768 2603 786 2642 a
809 2582 948 2644 mortuis

498 2683 547 2731 mid
602 2680 673 2729 faeder
717 2696 733 2744 7
768 2682 908 2745 banhelgan
940 2693 1004 2746 geste

479 2747 562 2810 Cum
587 2745 683 2808 Patre
710 2755 744 2808 et
773 2745 892 2810 Sancto
917 2748 1044 2832 Spiritu

487 2865 517 2897 on
615 2863 654 2895 ece
772 2848 869 2906 porulde

477 2914 517 2976 In
542 2911 737 2996 sempiterna
764 2911 882 2975 secula.

795 3026 822 3074 sy
833 3011 870 3060 hit
880 3028 924 3077 spe

800 3077 917 3140 Amen.

438 3320 606 3385 YMNUS
638 3322 705 3385 AD
737 3320 1054 3386 NocTURNAS.2

519 3478 533 3525 6
545 3479 595 3526 eale
605 3480 637 3535 bu
647 3478 740 3528 haeleud
750 3495 790 3528 ure
800 3481 939 3544 elysednyte

518 3542 599 3605 Jesu
624 3553 734 3606 nostra
758 3544 938 3628 redemptio

501 3643 551 3691 lusu
612 3659 628 3706 Ἰ
694 3643 822 3707 gepiluung

476 3708 581 3771 Amor
607 3718 640 3771 et
666 3706 860 3771 desiderium

501 3810 547 3872 god
602 3811 719 3873 myppend
784 3809 846 3858 eulra

478 3874 570 3937 Deus
596 3875 730 3938 Creator
757 3874 903 3938 omnium

502 3989 573 4022 mann
616 3991 646 4023 on
673 3976 739 4023 aende
803 3975 884 4024 tidene

478 4037 588 4101 Homo
611 4039 645 4102 in
669 4039 733 4101 fine
761 4050 943 4124 temporum

293 4185 300 4216 ¹
318 4182 449 4246 Originally
460 4185 527 4230 ‘cum
542 4185 631 4247 surgit:
645 4199 660 4232 e
676 4184 739 4231 reed-
823 4182 833 4210 ²
850 4183 953 4232 Durhem
966 4185 1031 4246 Ms„
1049 4185 1086 4234 sot
1096 4187 1128 4233 24
1139 4188 1163 4236 b.

259 4253 300 4314 ing
309 4247 385 4298 which
397 4247 418 4295 ie
428 4248 573 4309 represented
582 4249 614 4311 by
621 4247 662 4296 the
671 4248 738 4310 gloss.
