2948 4980
439 475 684 556 aneto-§Axon
709 508 937 552 HYMNARIUM.
1130 486 1190 550 163

300 737 504 817 nunnus
535 752 585 816 in
620 710 1087 817 PASSIONED0M1N1.1
1172 773 1174 786 ι

430 904 561 995 ”Pange
585 910 698 994 lingua
722 908 855 992 gloriosi

409 997 565 1075 Praelium
589 1010 772 1076 certaminis

409 1112 457 1175 Et
482 1135 581 1198 super
604 1114 709 1177 crucis
732 1112 908 1197 tropheum

411 1214 474 1278 Dic
501 1215 703 1299 triumphum
729 1215 873 1279 nobilem

412 1315 563 1380 Qualiter
585 1316 788 1401 Redemptor
810 1316 897 1378 orbis

412 1417 603 1483 Imnrolatus
624 1420 749 1484 vicerit.

454 1518 506 1582 De
530 1521 674 1604 parentis
698 1521 892 1606 protoplasti

412 1620 539 1684 Fraude
563 1622 667 1685 factor
693 1623 867 1686 condolens
956 1647 958 1651 ·

413 1725 553 1790 Quando
576 1725 665 1810 pomi
688 1726 830 1789 noxialis

413 1825 529 1891 Morsu
551 1839 688 1892 mortem
712 1829 836 1892 corruit

414 1929 490 2013 Ipse
516 1929 643 2014 lignum
668 1940 746 1993 tunc
771 1931 897 1994 notavit

414 2030 542 2093 Damna
567 2032 649 2114 ligni
675 2043 713 2094 ut
739 2031 888 2095 solveret.

459 2132 533 2196 Hoc
561 2156 643 2217 opus
667 2123 776 2196 nostre
801 2133 915 2196 salutis

416 2234 490 2298 Ada
514 2235 745 2320 depoposcerat

416 2336 634 2399 Multiformis
659 2336 836 2422 proditoris

418 2440 482 2502 Ars
504 2449 543 2502 ut
565 2451 667 2502 artem
695 2440 823 2502 falleret

416 2539 462 2602 Et
488 2540 646 2603 medelam
670 2539 772 2602 ferret
797 2540 873 2602 inde

418 2639 535 2702 Hostis
558 2641 646 2703 unde
670 2640 796 2704 leserat.
833 2720 836 2725 .

461 2741 601 2808 Quando
624 2741 714 2804 venit
736 2763 812 2824 ergo
835 2743 915 2804 sacri

417 2841 594 2907 Plenitudo
618 2843 772 2928 temporis
873 2875 875 2883 ·

418 2947 541 3009 Missus
565 2957 615 3008 est
638 2944 678 3008 ab
703 2966 774 3006 arce
798 2944 904 3006 Patris

420 3050 527 3112 Natus
551 3047 638 3111 orbis
661 3046 818 3109 Conditor

422 3152 536 3235 Atque
558 3161 670 3213 ventre
692 3148 842 3231 virginali

421 3253 503 3316 Caro
528 3251 634 3316 factus
658 3249 804 3335 prodiit?

465 3354 581 3418 Gloria
604 3362 638 3416 et
658 3351 762 3415 honor
785 3351 858 3413 Deo

424 3458 606 3542 Usquequo
630 3455 788 3519 altissimo

422 3561 497 3624 Una
519 3559 609 3622 Patri
632 3557 785 3641 Filioque

422 3661 541 3724 Inclito
565 3660 726 3723 Paraclito

424 3763 486 3826 Cui
509 3763 579 3826 laus
603 3772 652 3825 est
676 3772 709 3824 et
732 3772 880 3846 potestas

424 3865 487 3927 Per
510 3875 621 3927 eterna
644 3863 763 3928 secula.

757 3967 876 4030 Auru.

244 4135 250 4164 ¹
268 4137 330 4184 Cott.
340 4135 394 4182 MS.
403 4134 474 4196 vesp.
485 4134 560 4182 D.xii.
571 4134 609 4182 fot
621 4135 666 4182 120
676 4136 697 4183 b.
775 4134 785 4161 ²
802 4135 831 4180 In
850 4134 889 4181 the
908 4129 975 4182 coto
987 4135 1042 4182 MS.
1060 4150 1074 4182 a
1092 4145 1171 4183 etanta
1190 4135 1210 4182 is

210 4201 296 4248 Added
313 4201 345 4261 by
355 4215 369 4246 a
378 4199 437 4246 later
448 4200 517 4246 hand.
743 4198 797 4245 here
813 4198 901 4245 erased.
