2948 4980
682 493 868 538 APPENDIX.

533 634 586 698 Tu
609 632 710 717 Regis
733 631 799 695 alta
820 633 923 716 janua

490 737 536 800 Et
559 746 654 821 porta
677 734 759 798 lucis
785 732 912 816 fulgida

489 837 601 901 Vitam
627 837 735 900 datam
757 857 816 920 per
837 833 993 918 virginem

492 939 618 1003 Gentes
643 938 821 1022 redemptae
847 935 1006 1021 plaudite.

535 1041 599 1105 Cui
622 1039 749 1104 Christe
775 1050 872 1102 natus
894 1036 1027 1121 virginis

491 1143 537 1205 Es
560 1153 674 1206 auctor
700 1153 733 1206 et
756 1140 913 1204 mirabilis

491 1243 562 1307 Nos
588 1243 692 1327 ipsius
716 1241 877 1326 suffragiis

493 1345 589 1409 Dona
617 1346 764 1430 supernis
788 1345 927 1429 gaudiis.

536 1447 653 1511 Gloria
676 1447 752 1512 Tibi
774 1447 916 1511 Domine

493 1549 563 1615 Qui
590 1560 685 1613 natus
708 1549 803 1612 esde
826 1550 974 1634 Virgine.

518 1900 608 1963 ¹Jam
636 1912 685 1964 ter
709 1901 876 1985 quaternis
903 1899 1042 1964 trahitur

496 2002 596 2065 Horis
620 2002 688 2066 dies
711 2004 752 2066 ad
777 2024 942 2087 vesperam

497 2104 623 2168 Occasu
646 2104 693 2168 sol
719 2105 913 2188 pronunciat

497 2207 614 2272 Noctis
641 2207 746 2270 redire
773 2217 929 2292 tempora.

540 2309 611 2372 Nos
635 2331 712 2392 ergo
737 2310 831 2392 signo
854 2308 989 2372 Domini

498 2411 658 2474 Tutemur
681 2409 858 2474 claustrum
883 2411 1022 2495 pectoris

500 2512 552 2576 Ne
578 2535 708 2596 serpens
733 2511 788 2575 ille
815 2511 950 2576 callidus

500 2614 647 2679 Intrandi
674 2625 779 2678 tentet
804 2613 921 2678 aditus.

543 2717 608 2780 Sed
632 2717 727 2779 armis
754 2715 914 2799 pudicitie

469 2815 473 2827 '
501 2819 598 2883 Mens
621 2817 707 2882 fulta
730 2819 809 2903 vigil
834 2819 936 2883 libere

501 2920 687 2984 Sobrietate
714 2920 831 2984 comite

500 3023 640 3086 Hostem
663 3021 800 3106 repellat
824 3022 1020 3107 improbum.

548 3124 613 3189 Sed
636 3147 695 3187 nec
721 3124 868 3187 ciborum
892 3124 1023 3209 crapula

503 3226 647 3289 Tandem
671 3225 834 3289 distendat
857 3248 991 3310 corpora

501 3328 554 3392 Ne
576 3327 608 3389 vi
636 3349 693 3409 per
716 3348 886 3410 sompnum
912 3326 1049 3390 animam

502 3428 718 3492 Ludificatam
741 3426 876 3510 polluat.

318 3674 325 3702 ¹
344 3674 405 3722 Cott.
417 3673 471 3720 MS.
480 3672 551 3734 Vesp.
559 3673 588 3720 D.
596 3673 637 3721 xii.
645 3673 736 3720 sol-122
744 3674 767 3721 b.
805 3674 868 3735 body
884 3673 910 3720 of
917 3674 957 3721 the
973 3675 1121 3736 manuscript,
1129 3677 1176 3724 and
1187 3676 1285 3724 without

289 3739 395 3788 Written
413 3739 445 3799 by
463 3752 478 3785 a
499 3737 560 3784 band
582 3737 640 3784 later
656 3737 713 3784 than
730 3738 770 3785 the
807 3753 854 3799 any
865 3738 916 3784 title
927 3738 1037 3800 prefixed.
