<?xml version="1.0" encoding="UTF-8"?>
<!DOCTYPE html PUBLIC "-//W3C//DTD XHTML 1.0 Transitional//EN"
    "http://www.w3.org/TR/xhtml1/DTD/xhtml1-transitional.dtd">
<html xmlns="http://www.w3.org/1999/xhtml" xml:lang="en" lang="en">
 <head>
  <title>
</title>
<meta http-equiv="Content-Type" content="text/html;charset=utf-8" />
  <meta name='ocr-system' content='tesseract 3.04.00' />
  <meta name='ocr-capabilities' content='ocr_page ocr_carea ocr_par ocr_line ocrx_word'/>
</head>
<body>
  <div class='ocr_page' id='page_1' title='image "./latinhymnsanglo00stevgoog_0112.png"; bbox 0 0 2948 4980; ppageno 0'>
   <div class='ocr_carea' id='block_1_1' title="bbox 430 494 1183 559">
    <p class='ocr_par' dir='ltr' id='par_1_1' title="bbox 430 494 1183 559">
     <span class='ocr_line' id='line_1_1' title="bbox 430 494 1183 559; baseline 0 -3"><span class='ocrx_word' id='word_1_1' title='bbox 430 512 676 559; x_wconf 69' lang='lat' dir='ltr'><strong>suono-saxon</strong></span> <span class='ocrx_word' id='word_1_2' title='bbox 701 509 929 556; x_wconf 76' lang='lat' dir='ltr'><strong>urnunmun.</strong></span> <span class='ocrx_word' id='word_1_3' title='bbox 1140 494 1183 556; x_wconf 83' lang='lat'><strong>95</strong></span> 
     </span>
    </p>
   </div>
   <div class='ocr_carea' id='block_1_2' title="bbox 372 835 989 907">
    <p class='ocr_par' dir='ltr' id='par_1_2' title="bbox 372 835 989 907">
     <span class='ocr_line' id='line_1_2' title="bbox 372 835 989 907; baseline -0.002 -2"><span class='ocrx_word' id='word_1_4' title='bbox 372 841 539 907; x_wconf 88' lang='lat' dir='ltr'><strong>YMNUS</strong></span> <span class='ocrx_word' id='word_1_5' title='bbox 575 842 641 905; x_wconf 88' lang='lat' dir='ltr'><strong>AD</strong></span> <span class='ocrx_word' id='word_1_6' title='bbox 675 835 989 906; x_wconf 67' lang='grc' dir='ltr'><strong>ΜΑΤΠΤΙΝΑΒ.1</strong></span> 
     </span>
    </p>
   </div>
   <div class='ocr_carea' id='block_1_3' title="bbox 389 1007 1076 3099">
    <p class='ocr_par' dir='ltr' id='par_1_3' title="bbox 389 1007 877 1396">
     <span class='ocr_line' id='line_1_3' title="bbox 435 1007 877 1093; baseline -0.002 -22"><span class='ocrx_word' id='word_1_7' title='bbox 435 1007 525 1071; x_wconf 90' lang='lat' dir='ltr'><strong>Anni</strong></span> <span class='ocrx_word' id='word_1_8' title='bbox 547 1008 686 1093; x_wconf 85' lang='lat' dir='ltr'><strong>peractis</strong></span> <span class='ocrx_word' id='word_1_9' title='bbox 712 1008 877 1071; x_wconf 91' lang='lat' dir='ltr'><strong>mensibus</strong></span> 
     </span>
     <span class='ocr_line' id='line_1_4' title="bbox 391 1109 840 1193; baseline 0.002 -21"><span class='ocrx_word' id='word_1_10' title='bbox 391 1109 496 1172; x_wconf 88' lang='lat' dir='ltr'><strong>Tanta</strong></span> <span class='ocrx_word' id='word_1_11' title='bbox 521 1118 694 1172; x_wconf 88' lang='lat' dir='ltr'><strong>recurrunt</strong></span> <span class='ocrx_word' id='word_1_12' title='bbox 719 1110 840 1193; x_wconf 83' lang='lat' dir='ltr'><strong>gaudia</strong></span> 
     </span>
     <span class='ocr_line' id='line_1_5' title="bbox 389 1211 869 1296; baseline -0.002 -22"><span class='ocrx_word' id='word_1_13' title='bbox 389 1211 551 1296; x_wconf 88' lang='lat' dir='ltr'><strong>Votisque</strong></span> <span class='ocrx_word' id='word_1_14' title='bbox 578 1213 702 1275; x_wconf 91' lang='lat' dir='ltr'><strong>dudum</strong></span> <span class='ocrx_word' id='word_1_15' title='bbox 730 1212 869 1276; x_wconf 88' lang='lat' dir='ltr'><strong>credulis</strong></span> 
     </span>
     <span class='ocr_line' id='line_1_6' title="bbox 392 1311 793 1396; baseline -0.005 -20"><span class='ocrx_word' id='word_1_16' title='bbox 392 1312 534 1396; x_wconf 89' lang='lat' dir='ltr'><strong>Optatus</strong></span> <span class='ocrx_word' id='word_1_17' title='bbox 559 1313 691 1376; x_wconf 84' lang='lat' dir='ltr'><strong>advenit</strong></span> <span class='ocrx_word' id='word_1_18' title='bbox 715 1311 793 1375; x_wconf 92' lang='lat' dir='ltr'><strong>dies.</strong></span> 
     </span>
    </p>

    <p class='ocr_par' dir='ltr' id='par_1_4' title="bbox 391 1413 1076 1782">
     <span class='ocr_line' id='line_1_7' title="bbox 435 1413 890 1497; baseline -0.007 -20"><span class='ocrx_word' id='word_1_19' title='bbox 435 1413 476 1477; x_wconf 90' lang='lat' dir='ltr'><strong>In</strong></span> <span class='ocrx_word' id='word_1_20' title='bbox 499 1437 565 1497; x_wconf 92' lang='lat' dir='ltr'><strong>quo</strong></span> <span class='ocrx_word' id='word_1_21' title='bbox 589 1413 733 1496; x_wconf 91' lang='lat' dir='ltr'><strong>Spiritus</strong></span> <span class='ocrx_word' id='word_1_22' title='bbox 755 1413 890 1475; x_wconf 91' lang='lat' dir='ltr'><strong>Domini</strong></span> 
     </span>
     <span class='ocr_line' id='line_1_8' title="bbox 392 1500 1076 1597; baseline -0.007 -19"><span class='ocrx_word' id='word_1_23' title='bbox 392 1514 509 1578; x_wconf 90' lang='lat' dir='ltr'><strong>Terras</strong></span> <span class='ocrx_word' id='word_1_24' title='bbox 534 1512 671 1597; x_wconf 81' lang='lat' dir='ltr'><strong>replevit</strong></span> <span class='ocrx_word' id='word_1_25' title='bbox 696 1512 823 1596; x_wconf 84' lang='lat' dir='ltr'><strong>gaudiis</strong></span> <span class='ocrx_word' id='word_1_26' title='bbox 978 1500 1076 1594; x_wconf 44' lang='lat' dir='ltr'><strong>id</strong></span> 
     </span>
     <span class='ocr_line' id='line_1_9' title="bbox 394 1612 805 1679; baseline -0.012 0"><span class='ocrx_word' id='word_1_27' title='bbox 394 1615 554 1679; x_wconf 88' lang='lat' dir='ltr'><strong>Caelestia</strong></span> <span class='ocrx_word' id='word_1_28' title='bbox 575 1615 732 1678; x_wconf 89' lang='lat' dir='ltr'><strong>adventus</strong></span> <span class='ocrx_word' id='word_1_29' title='bbox 754 1612 805 1676; x_wconf 91' lang='lat' dir='ltr'><strong>sui</strong></span> 
     </span>
     <span class='ocr_line' id='line_1_10' title="bbox 391 1713 876 1782; baseline -0.004 -3"><span class='ocrx_word' id='word_1_30' title='bbox 391 1717 521 1782; x_wconf 91' lang='lat' dir='ltr'><strong>Mundo</strong></span> <span class='ocrx_word' id='word_1_31' title='bbox 544 1717 721 1780; x_wconf 85' lang='lat' dir='ltr'><strong>decurrunt</strong></span> <span class='ocrx_word' id='word_1_32' title='bbox 742 1713 876 1777; x_wconf 90' lang='lat' dir='ltr'><strong>lumina.</strong></span> 
     </span>
    </p>

    <p class='ocr_par' dir='ltr' id='par_1_5' title="bbox 391 1815 947 2205">
     <span class='ocr_line' id='line_1_11' title="bbox 435 1815 866 1902; baseline -0.009 -20"><span class='ocrx_word' id='word_1_33' title='bbox 435 1817 489 1882; x_wconf 86' lang='lat' dir='ltr'><strong>Sic</strong></span> <span class='ocrx_word' id='word_1_34' title='bbox 512 1829 651 1902; x_wconf 89' lang='lat' dir='ltr'><strong>namque</strong></span> <span class='ocrx_word' id='word_1_35' title='bbox 674 1816 779 1880; x_wconf 89' lang='lat' dir='ltr'><strong>Filius</strong></span> <span class='ocrx_word' id='word_1_36' title='bbox 801 1815 866 1878; x_wconf 89' lang='lat' dir='ltr'><strong>Dei</strong></span> 
     </span>
     <span class='ocr_line' id='line_1_12' title="bbox 392 1918 800 2004; baseline -0.005 -22"><span class='ocrx_word' id='word_1_37' title='bbox 392 1919 560 2004; x_wconf 88' lang='lat' dir='ltr'><strong>Apostolis</strong></span> <span class='ocrx_word' id='word_1_38' title='bbox 583 1918 800 2004; x_wconf 85' lang='lat' dir='ltr'><strong>spoponderat</strong></span> 
     </span>
     <span class='ocr_line' id='line_1_13' title="bbox 394 2019 872 2107; baseline -0.002 -24"><span class='ocrx_word' id='word_1_39' title='bbox 394 2019 506 2084; x_wconf 85' lang='lat' dir='ltr'><strong>Celsos</strong></span> <span class='ocrx_word' id='word_1_40' title='bbox 526 2021 663 2107; x_wconf 90' lang='lat' dir='ltr'><strong>petisset</strong></span> <span class='ocrx_word' id='word_1_41' title='bbox 684 2043 757 2084; x_wconf 87' lang='lat' dir='ltr'><strong>cum</strong></span> <span class='ocrx_word' id='word_1_42' title='bbox 779 2020 872 2103; x_wconf 91' lang='lat' dir='ltr'><strong>polos</strong></span> 
     </span>
     <span class='ocr_line' id='line_1_14' title="bbox 391 2119 947 2205; baseline 0 -20"><span class='ocrx_word' id='word_1_43' title='bbox 391 2121 571 2186; x_wconf 85' lang='lat' dir='ltr'><strong>Missurum</strong></span> <span class='ocrx_word' id='word_1_44' title='bbox 596 2121 753 2184; x_wconf 88' lang='lat' dir='ltr'><strong>Sanctum</strong></span> <span class='ocrx_word' id='word_1_45' title='bbox 777 2119 947 2205; x_wconf 90' lang='lat' dir='ltr'><strong>Spiritum.</strong></span> 
     </span>
    </p>

    <p class='ocr_par' dir='ltr' id='par_1_6' title="bbox 392 2223 907 2613">
     <span class='ocr_line' id='line_1_15' title="bbox 437 2223 907 2309; baseline -0.004 -21"><span class='ocrx_word' id='word_1_46' title='bbox 437 2225 477 2289; x_wconf 94' lang='lat' dir='ltr'><strong>Id</strong></span> <span class='ocrx_word' id='word_1_47' title='bbox 499 2235 550 2290; x_wconf 88' lang='lat' dir='ltr'><strong>est</strong></span> <span class='ocrx_word' id='word_1_48' title='bbox 569 2226 746 2309; x_wconf 89' lang='lat' dir='ltr'><strong>probatum</strong></span> <span class='ocrx_word' id='word_1_49' title='bbox 768 2223 907 2286; x_wconf 90' lang='lat' dir='ltr'><strong>testibus</strong></span> 
     </span>
     <span class='ocr_line' id='line_1_16' title="bbox 392 2325 783 2410; baseline -0.005 -21"><span class='ocrx_word' id='word_1_50' title='bbox 392 2326 626 2410; x_wconf 87' lang='lat' dir='ltr'><strong>Apostolorum</strong></span> <span class='ocrx_word' id='word_1_51' title='bbox 649 2325 783 2389; x_wconf 88' lang='lat' dir='ltr'><strong>vocibus</strong></span> 
     </span>
     <span class='ocr_line' id='line_1_17' title="bbox 392 2428 851 2493; baseline -0.004 -1"><span class='ocrx_word' id='word_1_52' title='bbox 392 2428 475 2492; x_wconf 87' lang='lat' dir='ltr'><strong>Cum</strong></span> <span class='ocrx_word' id='word_1_53' title='bbox 498 2428 563 2493; x_wconf 88' lang='lat' dir='ltr'><strong>sint</strong></span> <span class='ocrx_word' id='word_1_54' title='bbox 585 2429 718 2493; x_wconf 90' lang='lat' dir='ltr'><strong>diversis</strong></span> <span class='ocrx_word' id='word_1_55' title='bbox 740 2428 851 2491; x_wconf 90' lang='lat' dir='ltr'><strong>oribus</strong></span> 
     </span>
     <span class='ocr_line' id='line_1_18' title="bbox 393 2530 811 2613; baseline -0.002 -19"><span class='ocrx_word' id='word_1_56' title='bbox 393 2530 502 2594; x_wconf 90' lang='lat' dir='ltr'><strong>Variis</strong></span> <span class='ocrx_word' id='word_1_57' title='bbox 523 2531 626 2593; x_wconf 86' lang='lat' dir='ltr'><strong>locuti</strong></span> <span class='ocrx_word' id='word_1_58' title='bbox 648 2531 811 2613; x_wconf 84' lang='lat' dir='ltr'><strong>gentibus.</strong></span> 
     </span>
    </p>

    <p class='ocr_par' dir='ltr' id='par_1_7' title="bbox 393 2631 880 3018">
     <span class='ocr_line' id='line_1_19' title="bbox 438 2631 880 2713; baseline -0.005 -20"><span class='ocrx_word' id='word_1_59' title='bbox 438 2631 544 2694; x_wconf 90' lang='lat' dir='ltr'><strong>Tanto</strong></span> <span class='ocrx_word' id='word_1_60' title='bbox 566 2631 725 2713; x_wconf 87' lang='lat' dir='ltr'><strong>redempti</strong></span> <span class='ocrx_word' id='word_1_61' title='bbox 747 2651 880 2692; x_wconf 88' lang='lat' dir='ltr'><strong>munere</strong></span> 
     </span>
     <span class='ocr_line' id='line_1_20' title="bbox 393 2729 826 2813; baseline -0.009 -17"><span class='ocrx_word' id='word_1_62' title='bbox 393 2731 500 2796; x_wconf 88' lang='lat' dir='ltr'><strong>Patris</strong></span> <span class='ocrx_word' id='word_1_63' title='bbox 516 2742 557 2806; x_wconf 86' lang='lat' dir='ltr'><strong>et</strong></span> <span class='ocrx_word' id='word_1_64' title='bbox 579 2729 659 2794; x_wconf 85' lang='lat' dir='ltr'><strong>Nati</strong></span> <span class='ocrx_word' id='word_1_65' title='bbox 683 2730 826 2813; x_wconf 85' lang='lat' dir='ltr'><strong>Spiritus</strong></span> 
     </span>
     <span class='ocr_line' id='line_1_21' title="bbox 394 2832 794 2918; baseline -0.008 -21"><span class='ocrx_word' id='word_1_66' title='bbox 394 2834 495 2918; x_wconf 85' lang='lat' dir='ltr'><strong>Juges</strong></span> <span class='ocrx_word' id='word_1_67' title='bbox 519 2854 650 2916; x_wconf 85' lang='lat' dir='ltr'><strong>agamus</strong></span> <span class='ocrx_word' id='word_1_68' title='bbox 675 2832 794 2916; x_wconf 83' lang='lat' dir='ltr'><strong>gratias</strong></span> 
     </span>
     <span class='ocr_line' id='line_1_22' title="bbox 394 2932 828 3018; baseline -0.002 -19"><span class='ocrx_word' id='word_1_69' title='bbox 394 2936 467 2999; x_wconf 92' lang='lat' dir='ltr'><strong>Deo</strong></span> <span class='ocrx_word' id='word_1_70' title='bbox 492 2932 627 3018; x_wconf 90' lang='lat' dir='ltr'><strong>perenni</strong></span> <span class='ocrx_word' id='word_1_71' title='bbox 653 2932 688 2995; x_wconf 93' lang='lat' dir='ltr'><strong>in</strong></span> <span class='ocrx_word' id='word_1_72' title='bbox 711 2934 828 2998; x_wconf 89' lang='lat' dir='ltr'><strong>secula.</strong></span> 
     </span>
    </p>

    <p class='ocr_par' dir='ltr' id='par_1_8' title="bbox 739 3035 857 3099">
     <span class='ocr_line' id='line_1_23' title="bbox 739 3035 857 3099; baseline 0.025 -3"><span class='ocrx_word' id='word_1_73' title='bbox 739 3035 857 3099; x_wconf 87' lang='lat' dir='ltr'><strong>Amen.</strong></span> 
     </span>
    </p>
   </div>
   <div class='ocr_carea' id='block_1_4' title="bbox 407 3281 956 3349">
    <p class='ocr_par' dir='ltr' id='par_1_9' title="bbox 407 3281 956 3349">
     <span class='ocr_line' id='line_1_24' title="bbox 407 3281 956 3349; baseline 0.002 -2"><span class='ocrx_word' id='word_1_74' title='bbox 407 3281 576 3348; x_wconf 91' lang='lat' dir='ltr'>YMNUS</span> <span class='ocrx_word' id='word_1_75' title='bbox 611 3282 678 3346; x_wconf 88' lang='lat' dir='ltr'><strong>AD</strong></span> <span class='ocrx_word' id='word_1_76' title='bbox 711 3283 956 3349; x_wconf 76' lang='lat' dir='ltr'><strong>TERTIAM.²</strong></span> 
     </span>
    </p>
   </div>
   <div class='ocr_carea' id='block_1_5' title="bbox 391 3450 1001 3765">
    <p class='ocr_par' dir='ltr' id='par_1_10' title="bbox 435 3450 935 3514">
     <span class='ocr_line' id='line_1_25' title="bbox 435 3450 935 3514; baseline 0.006 -16"><span class='ocrx_word' id='word_1_77' title='bbox 435 3451 541 3514; x_wconf 79' lang='lat' dir='ltr'><strong>eallunga</strong></span> <span class='ocrx_word' id='word_1_78' title='bbox 583 3450 638 3498; x_wconf 88' lang='lat' dir='ltr'><strong>crist</strong></span> <span class='ocrx_word' id='word_1_79' title='bbox 708 3450 789 3514; x_wconf 74' lang='lat' dir='ltr'><strong>tunglo</strong></span> <span class='ocrx_word' id='word_1_80' title='bbox 869 3452 935 3501; x_wconf 81' lang='lat' dir='ltr'><strong>astah</strong></span> 
     </span>
    </p>

    <p class='ocr_par' dir='ltr' id='par_1_11' title="bbox 391 3514 1001 3765">
     <span class='ocr_line' id='line_1_26' title="bbox 435 3514 1001 3581; baseline 0.007 -4"><span class='ocrx_word' id='word_1_81' title='bbox 435 3515 508 3577; x_wconf 90' lang='lat' dir='ltr'><strong>Jam</strong></span> <span class='ocrx_word' id='word_1_82' title='bbox 532 3514 679 3577; x_wconf 86' lang='lat' dir='ltr'><strong>Christus</strong></span> <span class='ocrx_word' id='word_1_83' title='bbox 705 3526 789 3578; x_wconf 88' lang='lat' dir='ltr'><strong>astra</strong></span> <span class='ocrx_word' id='word_1_84' title='bbox 814 3518 1001 3581; x_wconf 87' lang='lat' dir='ltr'><strong>ascenderat</strong></span> 
     </span>
     <span class='ocr_line' id='line_1_27' title="bbox 391 3617 839 3679; baseline 0.002 -15"><span class='ocrx_word' id='word_1_85' title='bbox 391 3617 677 3679; x_wconf 72' lang='lat' dir='ltr'><strong>ongeangeeyrredlranon</strong></span> <span class='ocrx_word' id='word_1_86' title='bbox 709 3617 839 3671; x_wconf 68' lang='lat' dir='ltr'><strong>behecom</strong></span> 
     </span>
     <span class='ocr_line' id='line_1_28' title="bbox 392 3680 840 3765; baseline 0 -22"><span class='ocrx_word' id='word_1_87' title='bbox 392 3680 572 3765; x_wconf 84' lang='lat' dir='ltr'><strong>Regressus</strong></span> <span class='ocrx_word' id='word_1_88' title='bbox 598 3681 685 3743; x_wconf 90' lang='lat' dir='ltr'><strong>unde</strong></span> <span class='ocrx_word' id='word_1_89' title='bbox 708 3692 840 3744; x_wconf 89' lang='lat' dir='ltr'><strong>venerat</strong></span> 
     </span>
    </p>
   </div>
   <div class='ocr_carea' id='block_1_6' title="bbox 395 3781 846 3911">
    <p class='ocr_par' dir='ltr' id='par_1_12' title="bbox 395 3781 846 3911">
     <span class='ocr_line' id='line_1_29' title="bbox 414 3781 795 3831; baseline -0.003 0"><span class='ocrx_word' id='word_1_90' title='bbox 414 3781 539 3831; x_wconf 81' lang='lat' dir='ltr'><strong>behatenro</strong></span> <span class='ocrx_word' id='word_1_91' title='bbox 587 3781 683 3830; x_wconf 79' lang='lat' dir='ltr'><strong>faederes</strong></span> <span class='ocrx_word' id='word_1_92' title='bbox 748 3783 795 3830; x_wconf 87' lang='lat' dir='ltr'><strong>lnoe</strong></span> 
     </span>
     <span class='ocr_line' id='line_1_30' title="bbox 395 3846 846 3911; baseline 0.004 -3"><span class='ocrx_word' id='word_1_93' title='bbox 395 3846 557 3910; x_wconf 92' lang='lat' dir='ltr'><strong>Promisso</strong></span> <span class='ocrx_word' id='word_1_94' title='bbox 579 3846 686 3910; x_wconf 92' lang='lat' dir='ltr'><strong>Patris</strong></span> <span class='ocrx_word' id='word_1_95' title='bbox 712 3869 846 3911; x_wconf 88' lang='lat' dir='ltr'><strong>munere</strong></span> 
     </span>
    </p>
   </div>
   <div class='ocr_carea' id='block_1_7' title="bbox 394 3947 909 4095">
    <p class='ocr_par' dir='ltr' id='par_1_13' title="bbox 394 3947 909 4095">
     <span class='ocr_line' id='line_1_31' title="bbox 429 3947 845 4011; baseline 0.002 -16"><span class='ocrx_word' id='word_1_96' title='bbox 429 3947 521 4011; x_wconf 82' lang='lat' dir='ltr'><strong>hnligne</strong></span> <span class='ocrx_word' id='word_1_97' title='bbox 577 3948 713 3997; x_wconf 72' lang='lat' dir='ltr'><strong>torellenno</strong></span> <span class='ocrx_word' id='word_1_98' title='bbox 793 3956 845 4011; x_wconf 78' lang='lat' dir='ltr'><strong>gast</strong></span> 
     </span>
     <span class='ocr_line' id='line_1_32' title="bbox 394 4010 909 4095; baseline 0.006 -22"><span class='ocrx_word' id='word_1_99' title='bbox 394 4010 552 4074; x_wconf 88' lang='lat' dir='ltr'><strong>Sanctum</strong></span> <span class='ocrx_word' id='word_1_100' title='bbox 576 4012 711 4076; x_wconf 91' lang='lat' dir='ltr'><strong>daturus</strong></span> <span class='ocrx_word' id='word_1_101' title='bbox 737 4011 909 4095; x_wconf 89' lang='lat' dir='ltr'><strong>Spiritum.</strong></span> 
     </span>
    </p>
   </div>
   <div class='ocr_carea' id='block_1_8' title="bbox 194 4157 1184 4282">
    <p class='ocr_par' dir='ltr' id='par_1_14' title="bbox 194 4157 1184 4282">
     <span class='ocr_line' id='line_1_33' title="bbox 194 4157 1184 4222; baseline 0.008 -16"><span class='ocrx_word' id='word_1_102' title='bbox 194 4203 196 4207; x_wconf 86' lang='lat'>.</span> <span class='ocrx_word' id='word_1_103' title='bbox 209 4161 216 4191; x_wconf 86' lang='lat'>¹</span> <span class='ocrx_word' id='word_1_104' title='bbox 234 4159 338 4208; x_wconf 77' lang='lat' dir='ltr'><strong>Durham</strong></span> <span class='ocrx_word' id='word_1_105' title='bbox 350 4158 416 4216; x_wconf 72' lang='lat' dir='ltr'><strong>Ma,</strong></span> <span class='ocrx_word' id='word_1_106' title='bbox 424 4158 462 4206; x_wconf 83' lang='lat' dir='ltr'><strong>fol.</strong></span> <span class='ocrx_word' id='word_1_107' title='bbox 469 4157 500 4209; x_wconf 82' lang='lat'><strong>27</strong></span> <span class='ocrx_word' id='word_1_108' title='bbox 507 4159 531 4208; x_wconf 92' lang='lat' dir='ltr'><strong>b.</strong></span> <span class='ocrx_word' id='word_1_109' title='bbox 559 4158 617 4207; x_wconf 84' lang='lat' dir='ltr'><strong>This</strong></span> <span class='ocrx_word' id='word_1_110' title='bbox 625 4158 696 4222; x_wconf 80' lang='lat' dir='ltr'><strong>hymn</strong></span> <span class='ocrx_word' id='word_1_111' title='bbox 705 4159 726 4206; x_wconf 88' lang='lat' dir='ltr'><strong>is</strong></span> <span class='ocrx_word' id='word_1_112' title='bbox 736 4159 835 4207; x_wconf 84' lang='lat' dir='ltr'><strong>without</strong></span> <span class='ocrx_word' id='word_1_113' title='bbox 844 4175 858 4207; x_wconf 86' lang='lat' dir='ltr'><strong>a</strong></span> <span class='ocrx_word' id='word_1_114' title='bbox 866 4158 927 4222; x_wconf 80' lang='lat' dir='ltr'><strong>gloss</strong></span> <span class='ocrx_word' id='word_1_115' title='bbox 936 4159 963 4209; x_wconf 90' lang='lat' dir='ltr'><strong>in</strong></span> <span class='ocrx_word' id='word_1_116' title='bbox 971 4160 1012 4209; x_wconf 84' lang='lat' dir='ltr'><strong>the</strong></span> <span class='ocrx_word' id='word_1_117' title='bbox 1020 4162 1121 4213; x_wconf 86' lang='lat' dir='ltr'><strong>Durham</strong></span> <span class='ocrx_word' id='word_1_118' title='bbox 1128 4164 1184 4214; x_wconf 78' lang='lat' dir='ltr'><strong>MS.</strong></span> 
     </span>
     <span class='ocr_line' id='line_1_34' title="bbox 208 4222 509 4282; baseline -0.007 -10"><span class='ocrx_word' id='word_1_119' title='bbox 208 4224 218 4254; x_wconf 78' lang='lat'>²</span> <span class='ocrx_word' id='word_1_120' title='bbox 233 4224 338 4273; x_wconf 84' lang='lat' dir='ltr'><strong>Durham</strong></span> <span class='ocrx_word' id='word_1_121' title='bbox 349 4222 411 4282; x_wconf 72' lang='lat' dir='ltr'><strong>Ma,</strong></span> <span class='ocrx_word' id='word_1_122' title='bbox 421 4223 459 4270; x_wconf 81' lang='lat' dir='ltr'><strong>sol.</strong></span> <span class='ocrx_word' id='word_1_123' title='bbox 468 4223 509 4270; x_wconf 81' lang='lat'><strong>28.</strong></span> 
     </span>
    </p>
   </div>
   <div class='ocr_carea' id='block_1_9' title="bbox 0 0 1482 4980">
    <p class='ocr_par' dir='ltr' id='par_1_15' title="bbox 0 0 1482 4980">
     <span class='ocr_line' id='line_1_35' title="bbox 0 0 1482 4980; baseline 0 0"><span class='ocrx_word' id='word_1_124' title='bbox 0 0 1482 4980; x_wconf 95' lang='lat' dir='ltr'><strong> </strong></span> 
     </span>
    </p>
   </div>
  </div>
 </body>
</html>
