2948 4980
679 507 856 553 arnxolx
879 509 924 552 ΤΟ

559 644 641 708 Dies
661 645 752 708 venit
773 645 844 708 dies
866 660 924 708 tua

518 744 560 808 In
583 768 649 829 qua
673 746 825 809 reflorent
848 748 956 809 omnia

515 845 673 910 letemur
696 848 731 909 in
754 848 814 910 hac
838 860 876 911 ut
900 861 959 945 tue

515 947 580 1011 Per
602 948 685 1010 hanc
707 948 835 1010 reducti
860 950 987 1031 gratiae.

557 1049 606 1112 Te
628 1071 738 1113 rerum
761 1049 954 1111 universitas

514 1148 665 1212 Clemens
689 1149 803 1212 adoret
825 1149 970 1211 Trinitas

514 1252 560 1315 Et
584 1273 644 1313 nos
667 1251 742 1312 novi
765 1273 824 1333 per
844 1253 971 1313 reniam

511 1355 643 1418 Novum
668 1374 820 1414 cenamus
842 1353 1014 1415 mnticum.

945 1455 1063 1517 Amen.

447 1765 569 1829 ¹Salve
592 1790 676 1830 crux
699 1780 809 1830 sancta
834 1769 920 1830 salve
945 1767 1059 1829 mundi
1083 1765 1188 1848 gloria

424 1868 515 1931 Vera
538 1891 612 1951 spes
637 1880 747 1930 nostra
769 1891 844 1930 vera
867 1869 975 1930 ferens
996 1868 1116 1951 gaudia

425 1970 562 2054 Signum
585 1971 699 2033 salutis
723 1969 810 2032 salus
834 1970 869 2031 in
893 1970 1048 2053 periculis

423 2071 536 2136 vitale
561 2072 689 2155 liguum
711 2072 811 2134 vitam
836 2083 970 2154 portans
994 2072 1152 2134 omnium.

467 2173 517 2236 Te
541 2173 735 2235 adorandam
759 2186 792 2234 te
814 2195 943 2235 crucem
968 2175 1126 2236 vivificam

425 2275 466 2337 ln
489 2286 524 2337 te
549 2273 710 2355 redempti
734 2272 830 2334 dulce
856 2273 954 2336 decus
977 2275 1080 2337 seculi

424 2376 561 2459 Semper
585 2374 755 2436 laudamus
777 2397 903 2458 semper
929 2377 992 2439 tibi
1015 2377 1159 2439 canimus

423 2476 489 2539 Per
513 2475 639 2558 lignum
666 2475 750 2536 servi
776 2497 834 2558 per
861 2488 895 2538 te
919 2476 1046 2560 lignum
1070 2476 1179 2538 liberi.

465 2576 633 2660 Originale
657 2576 777 2638 crimen
802 2600 920 2640 necans
945 2579 980 2640 in
1005 2601 1101 2641 cruce

423 2677 494 2740 Nos
518 2691 553 2740 et
575 2701 595 2739 a
618 2678 724 2762 pravis
747 2677 878 2741 Christe
903 2680 1023 2742 munda
1047 2678 1183 2740 maculis

423 2777 672 2840 Humanitatem
697 2779 868 2841 miseratus
893 2779 1042 2862 fragilem

424 2877 489 2941 Per
512 2901 641 2941 crucem
666 2890 809 2941 sanctam
834 2878 932 2962 lapsis
954 2879 1040 2941 dona
1064 2877 1201 2940 reniam.

464 2977 606 3062 Protege
629 2979 717 3041 salva
738 2979 875 3042 benedic
899 2980 1063 3042 sanctifica

425 3078 588 3162 Populum
615 3091 769 3144 cunctum
794 3082 899 3145 crucis
922 3104 981 3165 per
1003 3079 1206 3163 signaculum

421 3179 558 3243 Morbos
583 3193 692 3243 averte
716 3183 860 3265 corporis
883 3196 917 3245 et
940 3182 1050 3275 anime}

421 3279 496 3342 Hoc
518 3291 632 3343 contra
656 3281 785 3362 signum
808 3281 937 3344 nullum
961 3293 1024 3343 stet
1049 3281 1242 3362 periculum.

465 3380 519 3442 Sit
540 3381 614 3442 Deo
636 3379 728 3442 Patri
754 3380 825 3441 laus
847 3381 882 3442 in
908 3403 1002 3443 cruce
1024 3380 1102 3443 Filii

422 3483 474 3546 Sit
499 3479 665 3577 coequalis
689 3481 760 3544 laus
787 3481 906 3544 Sancto
931 3481 1071 3564 Spiritui

422 3583 558 3647 Civibus
581 3584 716 3646 summis
738 3584 896 3668 gaudium
919 3585 962 3646 sit
983 3582 1122 3666 Angelis

421 3684 537 3747 Honor
556 3686 602 3748 sic
623 3686 745 3749 mundo
767 3686 810 3747 sit
830 3686 933 3748 crucis
955 3684 1125 3749 exaltatio.
1170 3688 1289 3752 Amen.

565 3966 574 4001 ¹
592 3973 654 4020 coa
665 3973 720 4021 us
736 3973 806 4034 vap
817 3972 849 4020 o.
862 3973 903 4020 xo.
914 3973 953 4021 si
963 3972 1017 4023 115.
