2948 4980
425 551 672 596 sucro-saxon
696 549 923 593 nvuvanuuv.
1116 528 1177 589 153

389 689 543 753 Infernus
569 689 631 753 tibi
658 690 764 754 ululat

386 792 586 878 Fretumque
607 793 725 856 Matris
750 794 889 857 intonat.

432 894 533 958 Lacta
555 894 668 978 regina
691 894 863 980 parvulum

387 996 525 1058 Aeterni
549 996 652 1080 Regis
674 996 796 1060 Filium

388 1097 489 1161 Lacta
512 1110 636 1161 sacratu
661 1099 763 1162 ubere

386 1199 455 1266 Qui
481 1210 515 1262 te
540 1200 697 1262 concessit
719 1201 838 1265 vivere.

431 1298 484 1361 Tu
509 1297 596 1361 clara
618 1300 719 1382 stirpe
743 1302 833 1383 regia

385 1402 533 1486 Jureque
558 1400 672 1463 mundi
699 1401 828 1464 domina

385 1503 612 1566 Desideratum
636 1502 786 1565 omnibus

385 1604 438 1668 Tu
463 1603 631 1688 protulisti
659 1603 823 1687 gentibus.

429 1705 460 1769 Ο
485 1704 578 1768 stella
600 1703 697 1767 maris
722 1704 850 1788 fulgida

385 1808 529 1872 Absolve
554 1805 661 1890 plebis
686 1806 820 1871 crimina

385 1911 498 1975 Fletus
524 1930 656 1993 quoque
682 1910 922 1994 supplicantum

384 2013 424 2076 In
447 2010 603 2074 mutando
628 2010 794 2094 gaudium.

429 2112 517 2175 Laus
540 2110 631 2174 Patri
656 2109 811 2175 invisibili

385 2217 472 2280 Laus
496 2214 566 2298 ejus
589 2211 674 2275 almo
696 2213 835 2278 Flamini

384 2319 472 2382 Laus
495 2315 539 2378 sit
564 2313 745 2399 Unigenito

383 2421 482 2485 Orbis
505 2430 664 2482 terrarum
688 2418 841 2484 Domino.
901 2420 1018 2484 Amen.

252 2733 420 2801 YMNUS
452 2732 518 2796 AD
550 2730 739 2795 PASCHA
770 2731 837 2795 AD
868 2732 1088 2797 PRIMAM.¹

424 2909 472 2971 Te
495 2907 579 2972 lucis
605 2918 718 2973 auctor
742 2920 919 2994 personent
1018 2958 1024 2967 .

380 3010 492 3094 Hujus
516 3021 640 3073 caterve
664 3011 804 3074 carmina

379 3111 488 3177 Quam
514 3120 551 3174 tu
574 3112 707 3196 replesti
729 3113 834 3197 gratia

379 3212 548 3275 Anastasis
572 3213 731 3297 potentia.

424 3314 529 3378 Nobis
555 3315 623 3379 dies
646 3315 707 3380 hec
730 3316 842 3380 innuit

379 3416 475 3479 Diem
501 3440 688 3503 supremum
712 3419 825 3483 sistere

380 3517 457 3584 Quo
481 3530 625 3582 mortuos
649 3540 816 3602 resurgere

379 3618 527 3710 Vittgque
550 3618 599 3681 fas
622 3617 666 3681 sit
688 3619 833 3685 reddere.

421 3721 544 3784 Octava
566 3719 671 3803 prima
692 3721 841 3785 redditur

377 3822 467 3885 Dum
490 3843 576 3885 mors
602 3820 643 3884 ab
671 3822 758 3885 unda
785 3824 911 3888 tollitur

378 3924 468 3987 Dum
490 3934 599 3986 mente
624 3923 887 3990 circumcidimur

377 4024 530 4108 Novique
557 4025 688 4088 demum
712 4027 884 4091 nascimur.

448 4241 455 4271 ¹
473 4242 536 4290 Cott.
548 4242 601 4289 MS.
613 4242 685 4302 Vesp.
699 4242 730 4288 D.
738 4241 779 4289 xii.
791 4241 830 4289 sol.
838 4241 878 4287 72.

1013 4326 1038 4366 X
