2948 4980
486 539 733 583 ANGLO-slxou
758 538 985 585 HYMN-ARIUM.

485 679 557 743 Hac
581 688 675 743 nocte
699 679 818 742 Factor
844 678 988 740 omnium

440 782 575 847 Potenti
599 787 668 876 sat¹
692 781 872 845 misterium

444 884 580 948 Carnem
605 907 695 948 suam
720 906 794 948 cum
820 883 975 968 sanguine

442 987 483 1050 In
507 1009 611 1051 escam
635 986 789 1051 transfert
815 973 933 1086 animp.

485 1091 518 1152 A
532 1089 634 1165 celsis
657 1109 791 1172 surgens
819 1087 957 1171 dapibus

441 1191 562 1257 Prebet
587 1191 725 1255 formam
748 1190 940 1254 mortalibus

443 1293 649 1357 Humilitatis
675 1293 778 1376 gratia

443 1394 535 1457 Petri
561 1404 675 1479 petens
698 1393 844 1476 vestigia.

487 1494 594 1557 Pallet
617 1515 727 1557 servus
753 1495 911 1577 obsequio

443 1597 527 1659 Cum
549 1594 753 1679 Angelorum
776 1594 955 1658 Dominum

444 1697 591 1761 Ferendo
617 1696 772 1781 limpham
797 1696 923 1760 lintheo

442 1799 557 1863 Cernit
582 1821 682 1862 caena
705 1799 931 1883 procumbere.
1003 1877 1005 1879 ι

486 1901 643 1965 Permitte
671 1900 795 1985 Symon
818 1899 909 1963 ablui

442 2005 528 2067 Acta
551 2005 695 2088 figurant
717 2002 845 2066 mistica

441 2106 532 2169 Dum
557 2128 707 2169 summus
724 2106 789 2168 ima
814 2104 939 2189 bajulat

441 2208 511 2274 Qui
536 2208 618 2271 cinis
644 2218 749 2271 servet
776 2206 886 2269 cineri.

485 2310 626 2374 Lavator
650 2310 753 2373 thoris
777 2309 913 2373 accubat

440 2411 611 2495 Verbique
636 2411 727 2475 favos
752 2422 885 2495 aggerat

440 2513 535 2579 Quos
560 2512 647 2575 inter
669 2512 798 2576 hostem
823 2513 956 2576 denotat

441 2613 540 2677 Necis
567 2614 625 2697 qui
652 2614 743 2676 dolos
767 2614 921 2678 ruminat.

486 2717 581 2780 Trux
603 2715 681 2799 lupe
707 2715 794 2778 Juda
819 2715 956 2799 pessime

443 2818 522 2882 Fers
547 2819 644 2902 Agno
669 2819 742 2882 miti
767 2817 872 2882 bassio

442 2921 532 2984 Dans
558 2921 703 2984 membra
725 2920 814 2984 loris.
828 2919 938 3004 regia⁹

442 3023 520 3121 Qup
544 3022 636 3086 sorde
665 3033 800 3107 tergunt
826 3021 945 3120 spcula.
1021 3095 1023 3098 ¹

486 3124 578 3187 Nexi
604 3123 775 3187 solvuntur
799 3124 897 3188 hodie

444 3225 556 3289 Carnis
581 3248 618 3289 ac
645 3226 749 3289 cordis
775 3247 900 3289 carcere

444 3328 587 3412 Tingeus
613 3340 756 3393 sacratur
781 3328 928 3392 crismate

445 3429 528 3514 Spes
551 3430 627 3494 inde
653 3431 768 3494 crescit
791 3429 926 3493 miseris.

484 3531 615 3595 Victori
639 3531 752 3594 mortis
776 3530 920 3594 inclitam

444 3631 627 3716 Pangamus
653 3631 748 3694 laude
773 3630 910 3714 gloriam

443 3733 525 3797 Cum
550 3734 646 3798 Patre
664 3755 705 3797 ,ac
729 3732 849 3796 Sancto
874 3731 1001 3816 Spiritu

441 3836 511 3902 Qui
535 3859 594 3899 nos
618 3834 757 3899 redemit
784 3833 889 3910 obitu.
920 3907 923 3911 g
981 3870 984 3876 ·

259 4111 266 4142 ¹
283 4110 382 4159 Altered
392 4108 424 4169 by
435 4121 526 4156 erasure
536 4107 562 4154 in
573 4107 627 4156 MS.
638 4108 667 4155 D.
761 4105 771 4134 ²
788 4104 917 4167 Originally
929 4104 1125 4166 ‘rigum-MS.
1139 4105 1171 4153 D.

1080 4340 1104 4381 M
