2948 4980
256 465 316 528 102
451 445 759 563 :einim-suoru
784 492 1012 537 nrnnnrnun.

512 624 624 688 Flexis
650 627 830 711 poplitibus

517 726 599 790 Cum
624 750 721 811 prece
745 730 908 812 poscimus

345 819 353 838 '
381 836 390 853 ·
515 829 607 892 Assis
631 852 696 913 quo
719 830 843 915 clipeus

513 931 634 997 Noster
658 934 694 996 in
721 936 872 999 omnibus

684 1037 871 1120 Augustine
896 1038 1104 1123 [placabilis].

553 1151 609 1214 Ex
634 1153 709 1217 hinc
735 1156 906 1218 subveniat

510 1252 619 1338 Digna
644 1257 787 1340 precatio

511 1354 551 1418 In
578 1357 715 1421 sublime
743 1360 808 1424 tuis

510 1459 649 1543 Perpete
673 1462 807 1525 servulis

510 1560 604 1626 Quos
629 1563 754 1626 nutrire
778 1565 888 1628 studes

509 1661 661 1726 Fastibus
687 1666 826 1728 aetheris

681 1767 868 1848 Augustine
892 1767 1070 1850 placabilis,

553 1867 646 1930 Assis
670 1868 720 1931 his
744 1869 884 1932 Genitor

509 1969 624 2054 Atque
650 1983 767 2055 potens
790 1971 882 2034 Deus

511 2074 616 2156 Aptet
640 2073 791 2137 Christus
815 2085 848 2137 et
872 2073 952 2136 haec

511 2176 607 2238 Patre
633 2174 706 2238 Deo
730 2175 822 2238 Deus

513 2278 596 2341 Cum
621 2279 717 2341 Flatu
739 2279 846 2361 patrio

508 2382 586 2447 Quo
612 2379 755 2464 regimur
778 2379 850 2442 Deo

680 2479 866 2562 Augustine
893 2482 1070 2567 placabilis.

988 2587 1105 2650 Amen.

352 2910 520 2975 YMNUS
560 2910 612 2973 IN
650 2909 949 2974 NATIVITATE
985 2910 1158 2975 SANCTI

486 3013 726 3078 JOHANNIS
762 3013 1036 3078 ΒΑΒΤΙΞΤΕ.1

436 3191 488 3246 ’taet
498 3189 523 3236 hi
533 3205 616 3251 magon
627 3190 738 3237 tolaetenu
783 3203 870 3251 spegun
925 3190 1030 3237 aeddrum

426 3251 471 3336 Q
496 3264 617 3335 queant
642 3252 726 3315 laxis
752 3274 899 3329 resonare
926 3254 1015 3316 fibris

433 3353 523 3412 pundra
588 3353 654 3399 daeda
748 3354 817 3410 trenas
894 3353 960 3413 binra

423 3415 510 3497 Mira
533 3425 698 3499 gestorum
722 3414 837 3493 famuli
862 3426 994 3478 tuorum

445 3518 505 3580 tolye
532 3517 776 3580 beemitenyepeleres
808 3517 886 3578 seylde

424 3583 519 3646 Solve
543 3582 662 3668 polluti
689 3581 768 3662 labii
792 3593 916 3646 reatum

780 3683 793 3730 6
804 3685 854 3732 eale
865 3685 899 3746 pu
910 3684 976 3746 halgn

769 3749 886 3821 Sancte
904 3748 1082 3829 LIohannes.

454 3850 542 3913 bydel²
590 3849 683 3898 oshean
725 3851 835 3898 cumeude
911 3851 991 3898 rodore

423 3915 573 3979 Nuntius
600 3913 685 3977 celso
711 3914 842 3977 veniens
868 3914 1032 4001 Olympho

284 4163 290 4193 ¹
308 4164 412 4214 Durhum
423 4163 488 4223 MS„
497 4163 537 4211 fol.
550 4163 589 4210 30.
744 4162 900 4278 ninsrisssioet'
910 4163 1257 4214 ‘Gabrihel.’-Glosrin1)ur-
