2948 4980
490 545 738 590 sueno-sunu
766 547 993 594 urnnnurun.
1093 530 1098 539 '
1200 529 1239 593 41

454 683 581 748 Multis
600 684 703 747 modis
726 695 760 748 et
784 684 926 769 Spiritus

452 783 531 848 Rex
555 785 713 870 mysticus
739 786 931 870 agnosceris.

494 887 637 971 Fragiles
660 907 753 950 carne
776 886 925 970 conspice

451 987 544 1054 Quos
565 988 620 1051 ille
642 986 887 1073 antiquissimus

454 1089 530 1152 Suis
553 1089 682 1173 decepit
704 1089 831 1152 artibus
903 1153 908 1162 ,

452 1189 533 1253 Tuis
556 1191 647 1254 trahe
670 1192 860 1256 virtutibus.

494 1291 588 1355 Grex
613 1304 691 1356 tuns
715 1291 933 1357 tibtdeditus

449 1393 527 1457 Non
553 1405 703 1460 teneatur
729 1394 863 1459 crimine

449 1495 558 1561 Quem
582 1507 641 1559 tuo
665 1495 793 1559 Christe
820 1494 975 1578 sanguine

450 1594 595 1660 Voluisti
621 1597 790 1661 redimere.

494 1696 579 1760 Oves
605 1708 748 1761 errantes
772 1697 905 1782 previde
996 1712 998 1723 ⁴

451 1798 566 1862 Pastor
591 1798 677 1862 bone
700 1798 845 1884 piissime

448 1899 504 1962 Ad
527 1899 634 1963 aulam
660 1899 862 1965 celsitudinis

448 2000 530 2065 Tuis
556 2012 687 2087 reporta
712 2001 865 2066 humeris.

493 2102 689 2167 Tabefaotus
703 2111 747 2165 -et
772 2101 900 2165 saucius
975 2144 982 2157 2

446 2205 612 2269 Abscedat
637 2205 787 2290 princeps
811 2204 985 2267 demonum

448 2306 569 2371 Perdat
592 2307 725 2393 predam
753 2307 793 2370 de
819 2306 971 2370 faucibus

447 2407 515 2471 Fur
540 2408 726 2493 inportunis
751 2408 894 2473 rabidus.

487 2509 629 2573 Exultet
652 2509 800 2573 Christus
824 2509 985 2574 Dominus

447 2609 570 2674 Psallat
592 2610 709 2673 chorus
732 2610 897 2694 angelicus

444 2710 573 2776 Laudes
596 2734 711 2776 sonans
735 2711 770 2775 in
795 2733 915 2795 organo

446 2812 510 2876 Ter
533 2823 663 2877 sanctus
689 2812 776 2876 dicat
799 2812 953 2875 Domino.

487 2913 635 2978 Gloriam
661 2914 724 2978 tibi
748 2913 887 2978 dicimus

445 3015 543 3079 Pater
569 3038 634 3080 una
660 3039 734 3080 oum
759 3014 845 3081 Filio

444 3115 550 3180 Simul
576 3138 650 3180 cum
675 3116 794 3181 Sancto
817 3117 944 3201 Spiritu

443 3216 483 3280 In
510 3217 596 3281 trina
621 3216 717 3282 laude
743 3222 918 3302 personet.¹

420 3450 588 3516 YMNUS
620 3452 686 3517 AD
716 3452 1044 3556 MATUTINAM.2

483 3610 558 3674 gehyr
579 3608 804 3673 dealapualysend
857 3609 934 3673 peada

484 3673 575 3738 Audi
597 3673 799 3758 Redemptor
814 3748 817 3753 ,
823 3676 970 3759 gentium

446 3776 669 3839 gebyrdtidapinre
711 3776 777 3826 uldor

442 3840 570 3904 Natalis
596 3841 646 3904 tui
665 3791 809 3926 ⁴gloriam

657 3943 754 4007 fitagan
798 3943 835 3992 fri
883 3945 912 3994 de

441 4005 612 4071 Bethleem
635 4030 782 4092 egressus
806 4031 826 4072 a
882 4032 920 4072 eo

521 4171 528 4185 ι
563 4123 695 4172 goeaenung
720 4110 837 4188 medenas

443 4169 552 4268 Marip
576 4183 688 4256 partus
710 4195 855 4258 vngrnrs.

1077 4395 1100 4436 G
