2948 4980
263 459 308 520 60
524 477 769 522 isoio-mos
795 476 1024 522 mmmmm.

514 789 684 855 YMNUS
715 792 781 855 AD
814 789 1038 855 SEXTAM.¹

535 983 565 1014 on
575 967 653 1014 midae
664 968 715 1030 daeg
726 976 749 1016 to
759 968 905 1029 gebiddenns
915 983 944 1030 ys

528 1030 668 1094 Meridie
694 1033 851 1094 orandum
878 1043 927 1094 est

558 1134 641 1197 *jeriel
751 1143 774 1182 to
784 1134 918 1195 halsigenne
972 1147 1002 1193 ys

483 1197 695 1282 christusque
723 1197 941 1281 deprecandus
967 1204 1016 1257 est

503 1301 522 1356 ll
566 1300 659 1348 hehate
702 1317 730 1349 us
795 1308 850 1348 etan

483 1363 532 1426 Ut
550 1365 667 1448 jubeat
693 1388 752 1428 nos
778 1365 871 1428 edere

495 1465 522 1512 ol
561 1467 606 1529 hys
649 1467 758 1531 magum
790 1467 903 1515 lithoman

484 1529 535 1592 De
560 1554 618 1594 suo
644 1543 754 1596 sancto
779 1553 913 1615 corpore

545 1635 565 1693 ᾗ
614 1634 644 1682 he
688 1651 716 1696 sy
764 1633 906 1696 herigendlic

527 1698 575 1761 Ut
600 1698 657 1761 ille
683 1700 725 1762 sit
751 1697 923 1761 laudabilis

493 1813 522 1845 on
587 1798 670 1847 eallmn
751 1799 834 1847 iolcum

485 1860 525 1923 ln
551 1863 709 1926 universis
732 1863 863 1947 populis

489 1964 584 2026 sesylfa
619 1964 702 2013 helom
786 1965 879 2012 drihten

484 2026 559 2111 Ipse
586 2028 729 2130 calorum
756 2029 906 2092 dominus

489 2127 555 2177 selle
599 2139 648 2192 sytt
697 2146 728 2178 on
770 2131 910 2191 heanyssum

484 2191 553 2257 Qui
578 2195 669 2256 sedet
692 2195 727 2257 in
753 2193 916 2257 altissimis

554 2295 637 2356 'Jselle
717 2311 745 2341 us
833 2293 917 2340 fultum

527 2358 660 2442 Detque
683 2357 777 2421 nobis
801 2356 963 2420 auxilium

491 2459 550 2518 burh
595 2459 682 2522 aenglas
748 2459 880 2521 pundorliee

485 2523 548 2585 Per
574 2523 705 2607 angelos
729 2524 894 2588 mirabiles

510 2627 540 2684 ba
613 2625 667 2674 aefra
743 2641 771 2673 us
843 2625 970 2688 gehealdan

486 2688 555 2754 Qui
580 2712 706 2774 semper
732 2712 790 2752 nos
816 2691 1001 2754 custodiant

493 2807 523 2838 on
555 2792 638 2839 sallum
681 2793 720 2840 life
771 2793 866 2855 porulde

488 2854 529 2916 In
553 2856 639 2918 omni
664 2857 732 2920 vita
757 2856 872 2926 secali.

595 2957 679 3015 puldor
734 2929 789 3018 Pei
825 2960 928 3020 prynnes

576 3021 692 3085 Gloria
715 3022 777 3084 tibi
801 3021 955 3086 Trinitas.

533 3299 701 3363 YMNUS
733 3300 798 3362 AD
831 3299 1031 3364 NONAM.¹

545 3469 682 3517 fulfremedii
698 3467 830 3530 preofealdfi
851 3468 933 3531 getaele

537 3532 688 3597 Perfecto
715 3532 801 3595 trino
825 3554 960 3596 numero

502 3653 532 3684 on
544 3637 611 3699 prym
622 3635 698 3684 sealdfl
716 3635 795 3684 tidena
809 3636 969 3698 geendungum

494 3701 609 3763 Ternis
635 3700 786 3763 horarum
810 3699 956 3762 terminis

530 3802 579 3850 lofu
664 3802 774 3864 singende
830 3802 941 3878 neadyise

492 3867 621 3930 Laudes
646 3876 796 3928 canentes
823 3865 948 3928 debitas

511 3984 616 4031 nonsang
665 3969 776 4031 secgende
832 3967 955 4032 pesingall

494 4032 625 4096 Nonam
649 4033 792 4096 dicentes
815 4032 993 4117 psallimus.

314 4182 321 4212 ¹
338 4185 441 4234 Durham
453 4184 566 4243 Msstoi
577 4185 639 4236 171).
839 4180 850 4211 ²
866 4185 905 4243 So,
916 4184 1073 4246 ermnennst,
1083 4183 1108 4232 in
1119 4185 1175 4233 MS.
1187 4185 1218 4231 D.
