2948 4980
483 496 729 540 Altam-som
755 496 982 542 HYMNARIUM.

489 653 558 701 cristo
645 653 704 701 hona
760 651 962 716 lageopemostan

448 717 577 781 Christo
600 738 733 801 precum
759 718 956 800 gratissimas

465 819 513 866 mid
525 821 556 881 lfa
647 819 707 882 glaed
809 821 898 869 leohtra

446 883 578 949 Quibus
604 883 747 967 placatus
772 885 944 949 criminum

444 984 473 1032 he
485 986 559 1048 tolyso
586 993 707 1049 mcentega
766 986 830 1035 isene

447 1048 559 1113 Solvat
585 1059 712 1137 catenas
735 1050 863 1115 ferreas,

494 1150 553 1212 burh
603 1154 632 1213 pa
708 1152 828 1216 aenglisora
903 1163 1003 1215 gemaerfi

487 1215 551 1277 Per
577 1238 656 1299 quas
680 1215 864 1300 Anglorum
890 1219 1036 1282 terminis

474 1318 628 1380 *lgelapunge
677 1319 787 1366 beamum

445 1382 666 1465 Ecclesiaeque
693 1382 770 1445 filiis

460 1498 477 1544 Ἰ
549 1485 638 1546 moegte
682 1484 815 1546 geleafloase

445 1548 491 1610 Et
517 1549 665 1611 nationes
690 1550 813 1632 perfide

489 1651 587 1713 *jcpyld
660 1651 750 1712 obugan
778 1650 931 1712 derigendlioo

445 1713 623 1798 Pestesque
651 1715 768 1777 cedant
794 1715 935 1797 noxiae„

485 1815 544 1878 turb
578 1817 607 1872 to
634 1816 731 1864 dfaeder
763 1816 815 1864 hiht
836 1821 963 1867 anoaenned

488 1880 551 1943 Per
578 1891 610 1944 te
634 1881 731 1943 Pater
755 1903 826 1965 spes
853 1883 949 1947 unica

447 1980 507 2042 burh
536 1984 565 2043 po
608 1983 679 2030 bearn
721 1983 779 2038 sib
806 1986 925 2032 antonned

445 2046 509 2108 Per
535 2057 568 2108 te
591 2047 705 2110 Proles
730 2070 796 2130 pax
822 2049 919 2111 unica

453 2161 470 2206 7
564 2155 616 2209 gast
679 2147 878 2196 leohtancaenned

442 2210 489 2273 Et
515 2211 658 2295 Spiritus
682 2211 743 2274 lux
767 2213 864 2276 unica

458 2321 490 2361 aet
506 2329 534 2375 sy
599 2330 627 2363 uo
688 2332 718 2363 on
751 2317 846 2379 poruldo

445 2377 543 2441 Adsit
567 2380 662 2442 nobis
687 2380 721 2443 in
746 2381 863 2446 secula.

801 2484 919 2548 Amen.

323 2709 493 2790 YMNUs
524 2710 588 2773 DE
621 2709 807 2776 SANCTO
839 2712 1146 2779 AUGUSTINO.¹

483 2883 663 2947 Caelestis²
685 2885 759 2948 aule
787 2887 911 2950 nobiles

440 2986 626 3070 Mundique
653 2988 735 3051 recti
758 2989 913 3072 principis

441 3087 654 3152 Concorditer
679 3091 787 3155 ferant
809 3090 882 3154 Deo

441 3189 591 3253 Laudum
619 3191 754 3275 trophea
776 3193 920 3275 precluo.

482 3291 552 3365 Qui
578 3295 722 3360 maxima
746 3294 918 3359 clementia

440 3394 554 3459 Genus
579 3395 757 3460 humanum
782 3409 901 3462 tartara

442 3497 593 3560 Terendo
617 3499 685 3592 vitg
711 3500 853 3563 reddidit

440 3599 487 3661 Et
508 3608 547 3661 ut
570 3598 652 3661 hano
677 3600 774 3663 sciret
797 3600 927 3664 indidit.

483 3700 661 3785 Apostolos
687 3724 761 3764 nam
787 3702 914 3786 colligit

438 3805 618 3887 Gregorius
645 3805 685 3868 de
710 3805 784 3890 quis
809 3807 900 3870 venit

437 3906 507 3972 Qui
533 3908 640 3972 filium
665 3909 722 3972 dat
744 3909 894 3992 Anglicis

438 4007 663 4091 Augustinum
688 4010 849 4074 fanaticis.

259 4150 265 4180 ¹
283 4151 385 4199 Durham
397 4151 461 4209 MS„
479 4151 516 4200 fol.
528 4154 568 4202 29.

262 4215 339 4264 'This
349 4217 396 4263 and
407 4216 447 4262 tho
459 4223 506 4262 two
517 4217 634 4279 following
644 4218 729 4280 hymns
739 4217 798 4265 have
808 4234 838 4264 no
848 4218 909 4280 gloss
919 4217 944 4265 in
955 4217 994 4265 the
1006 4218 1109 4268 Durham
1120 4219 1175 4267 MS.
