2948 4980
700 531 876 578 APPENDIX
900 534 943 577 ΤΟ

439 879 658 946 HYMNUM
697 883 761 946 DE
802 883 986 948 SANCTO
1026 885 1184 949 PETRO

673 983 958 1050 PAULOQUE.¹

440 1159 537 1222 Felix
559 1182 617 1243 per
641 1183 750 1224 omnes
774 1161 895 1226 festum
918 1165 1033 1227 mundi
1060 1166 1204 1229 cardines

397 1261 632 1345 Apostolorum
657 1263 818 1347 prepollet
843 1265 992 1328 alacriter

397 1363 487 1426 Petri
510 1364 597 1426 beati
621 1364 717 1427 Pauli
739 1366 945 1429 sacratissimi

395 1464 489 1531 Quos
512 1464 660 1529 Christus
685 1467 768 1530 almo
793 1470 989 1533 consecravit
1012 1471 1167 1553 sanguine

393 1566 632 1631 Aecclesiarum
656 1568 825 1653 deputavit
848 1570 1020 1654 principes.

434 1666 495 1730 Hii
521 1679 597 1732 sunt
620 1668 703 1733 olive
728 1670 791 1733 due
817 1693 923 1733 coram
947 1671 1090 1735 Domino

389 1769 437 1832 Et
459 1769 648 1833 candelabra
670 1771 743 1836 luce
769 1773 928 1836 radiantia

389 1869 537 1933 Preclara
563 1871 623 1933 celi
648 1872 712 1935 duo
736 1873 908 1935 luminaria

387 1972 500 2036 Fortia
524 1972 656 2036 solvunt
679 1984 887 2057 peccatorum
909 1975 1038 2038 vincula

386 2076 500 2138 Portas
523 2073 680 2159 Olymphi
707 2086 851 2139 reserant
876 2076 1040 2140 fidelibus.

428 2174 564 2239 Habent
587 2199 740 2259 supernas
764 2187 957 2260 potestatem
984 2178 1132 2241 claudere

385 2277 540 2361 Sermone
566 2277 658 2339 sedes
682 2278 823 2360 pandere
847 2278 1049 2362 splendentia

381 2376 510 2439 Limina
536 2376 603 2459 poli
629 2399 725 2460 super
750 2377 815 2440 alta
838 2377 943 2442 sidera

380 2477 527 2562 Linguae
550 2501 662 2541 eorum
688 2477 791 2542 claves
817 2479 878 2541 celi
904 2478 989 2543 facte
1013 2490 1090 2543 sunt

378 2581 497 2645 Larvas
520 2581 685 2666 repellunt
710 2581 797 2644 ultra
822 2581 935 2643 mundi
958 2582 1090 2647 limites.

420 2682 539 2746 Petrus
565 2684 680 2746 beatus
708 2694 891 2746 catenarum
916 2683 1050 2767 laqueos

377 2784 506 2848 Christo
526 2786 665 2869 jubente
690 2784 782 2868 rupit
807 2784 999 2849 mirabiliter

376 2885 494 2949 Custos
518 2884 611 2948 ovilis
638 2894 671 2947 et
693 2884 806 2947 doctor
830 2885 966 2986 ecclesie

374 2988 556 3070 Pastorque
580 2986 686 3070 gregis
709 2997 913 3050 conservator
936 2987 1046 3051 ovium

373 3089 476 3152 Arcet
499 3089 653 3172 luporum
680 3087 896 3151 truculentam
921 3089 1056 3153 rabiem.

414 3191 644 3273 Quodcunque
666 3188 780 3252 vinclis
803 3213 900 3274 super
927 3202 1044 3255 terram
1070 3191 1241 3256 strinxerit

370 3291 445 3354 Erit
468 3290 503 3353 in
528 3290 622 3352 astris
645 3290 817 3371 religatum
840 3291 970 3354 fortiter

369 3392 416 3455 Et
440 3390 528 3474 quod
553 3388 685 3452 resolvit
709 3389 744 3451 in
771 3391 865 3452 terris
889 3392 1024 3456 arbitrio
1049 3442 1051 3446 Α

369 3494 444 3557 Erit
467 3491 612 3556 solutum
637 3512 734 3575 super
760 3489 822 3553 celi
845 3491 971 3556 radium

368 3595 409 3658 In
432 3595 497 3658 fine
521 3595 635 3658 mundi
655 3593 761 3679 judex
786 3594 848 3657 erit
873 3595 984 3659 seculi.

410 3696 488 3760 Non
511 3695 614 3780 impar
642 3694 764 3757 Paulus
787 3695 865 3758 huic
891 3696 1003 3758 doctor
1025 3697 1173 3779 gentium

364 3796 544 3861 Electionis
570 3796 729 3878 templum
756 3797 1006 3859 sacratissimum

364 3899 405 3962 In
428 3908 532 3962 morte
557 3919 686 3980 compar
705 3897 740 3961 in
765 3919 881 3960 corona
906 3897 1066 3982 particeps

308 4152 315 4181 ¹
332 4153 394 4202 con.
403 4153 457 4201 Ms.
470 4154 540 4216 Vesp.
552 4155 581 4201 D.
593 4154 634 4202 xii.
645 4153 684 4202 fol.
694 4154 750 4201 481).
802 4153 848 4199 122
868 4154 894 4201 of
909 4154 948 4202 the
967 4170 1029 4202 same
1041 4156 1106 4215 MS.,
1117 4160 1276 4220 accompanied

274 4217 324 4265 The
343 4217 394 4265 first
410 4225 489 4266 atanm
507 4218 528 4266 is
544 4218 651 4280 repeated
667 4218 692 4265 in
709 4217 749 4264 sol.
799 4217 881 4278 hythe
891 4219 970 4267 music.
