2948 4980
475 510 724 555 ANGLO-SAXON
750 513 978 557 HYMNARIUM.

442 649 568 734 Largus
590 651 697 714 libens
723 652 877 717 lucifluus

401 747 406 761 ’
441 751 654 815 Laudabatur
678 752 713 816 in
737 755 872 818 meritis.

484 854 576 917 Fecit
599 879 728 920 manare
754 857 889 920 flumina

437 955 555 1021 Fontis
579 959 663 1042 signi
684 962 837 1046 perpetui

441 1055 509 1121 Ubi
534 1059 624 1122 nulla
648 1061 785 1144 vestigia

443 1158 659 1225 Videbantur
673 1162 836 1227 fonticuli.

484 1263 647 1348 Linguam
669 1264 803 1328 resolvit
824 1265 963 1330 vinculis

441 1366 556 1451 Longo
580 1378 724 1450 tempore
748 1376 908 1430 retentam
1011 1422 1017 1436 ,

440 1469 574 1532 Petrosa
599 1479 685 1532 terra
708 1481 848 1554 segetem

443 1571 548 1634 Parvo
573 1572 733 1654 produxit
759 1584 914 1656 tempore.

482 1672 579 1736 Illius
603 1695 662 1736 nos
687 1672 849 1736 auxilium

439 1774 672 1857 Depraecemur
696 1784 892 1858 perpetuum

439 1873 488 1937 Ut
511 1896 692 1938 mereamur
716 1875 822 1937 dicere

438 1974 516 2038 Sine
540 1976 603 2038 fine
631 1998 705 2038 cum
731 1974 863 2059 gaudio.

482 2076 599 2141 Gloria
624 2077 716 2140 Patri
740 2076 886 2158 ingenito

439 2178 555 2242 Gloria
582 2177 763 2262 Unigenito

439 2281 513 2344 Una
537 2304 611 2345 cum
635 2280 754 2344 Sancto
777 2281 904 2366 Spiritu
956 2313 959 2330 ·

437 2381 478 2444 In
505 2383 700 2466 sempiterna
726 2383 843 2447 secula.

322 2640 490 2705 YMNUS
525 2639 578 2703 IN
610 2639 925 2704 FESTIVITATE
958 2632 1131 2706 SANCTI

468 2742 730 2806 BENEDICTI
764 2741 995 2807 ΑΒΒΑΤΙΒ.1

351 2893 429 2941 ocula
439 2895 471 2955 pu
479 2893 534 2941 crist
556 2893 654 2956 halgena
736 2894 795 2955 plite
871 2908 889 2957 7
976 2892 1045 2954 myht

352 2957 480 3020 Christe
507 2969 689 3021 sanctorum
717 2958 814 3021 decus
834 2970 934 3042 atque
961 2958 1064 3020 virtus

383 3060 413 3108 lis
472 3074 488 3120 Ἰ
549 3059 591 3123 hip
646 3075 691 3123 peg
724 3062 787 3109 leoht
819 3078 836 3125 Ἰ
885 3062 963 3109 caldor

350 3123 430 3188 Vita
456 3134 490 3186 et
515 3123 619 3187 forma
644 3125 696 3188 via
722 3125 783 3189 lux
810 3137 843 3188 et
868 3135 981 3188 auctor

383 3225 523 3273 eodmoddru
571 3225 641 3275 behor
701 3229 807 3290 *Jsamod
893 3226 981 3289 lofsang

353 3289 545 3373 Supplicum
570 3301 644 3354 vota
666 3291 852 3375 pariterque
875 3313 1010 3376 ymnum

705 3393 816 3441 underfoh
865 3392 988 3440 mildheort

697 3456 831 3542 Suscipe
859 3457 1008 3520 clemens,

358 3557 433 3620 pulle
467 3558 537 3620 pinno
596 3557 676 3620 gesem
968 3565 992 3605 to
1019 3558 1048 3619 be

350 3622 419 3688 Qui
448 3633 543 3688 tuum
569 3622 691 3684 dudum
715 3621 930 3684 Benedictum
956 3623 996 3684 ad
1022 3632 1054 3684 te

400 3725 483 3771 monde
526 3723 659 3786 punderlice
675 3724 819 3771 asindrodeat
840 3724 1003 3772 middanearde

350 3788 530 3852 Attrahens
553 3788 633 3851 mire
657 3788 831 3872 segregasti
857 3789 978 3851 mundo

362 3889 639 3954 §opernyssaporuldc
675 3890 785 3953 pipmcan
824 3890 970 3954 leomigenda

351 3954 399 4017 Ut
421 3977 519 4038 prava
545 3953 622 4018 secli
648 3955 819 4038 reprobare
843 3956 967 4019 discens

707 4058 736 4117 pe
782 4056 845 4116 tho
855 4057 944 4118 folgode

696 4121 743 4183 Te
768 4133 970 4204 sequeretur.

561 4253 569 4282 ¹
587 4254 690 4302 Durhom
703 4255 766 4311 MS„
779 4254 817 4302 sol.
827 4255 858 4300 20
867 4256 891 4303 b.

1190 493 1234 554 69
