2948 4980
444 554 690 600 nuato-saxon
714 557 942 603 HYMNARIUM.
1012 555 1013 559 ¹

445 713 514 780 Qui
538 715 776 799 protoplastum
801 717 903 780 vetito

403 814 547 878 Illiciens
570 816 680 892 edulio

400 916 441 978 In
468 915 565 1001 hujus
588 918 657 1012 vite
682 918 840 982 torridum

402 1016 603 1091 Detruscrat¹
621 1020 830 1104 ergastulum.

443 1119 514 1183 Nos
537 1119 597 1183 filii
624 1121 796 1185 aecclesiae
861 1168 864 1175 ,

401 1220 474 1283 Tuo
500 1223 662 1306 redempti
686 1224 841 1308 sanguine

400 1321 491 1385 Voce
514 1345 683 1407 precamur
707 1324 824 1388 humili

399 1422 450 1485 Ne
475 1445 644 1506 percamus
670 1424 789 1489 miseri.

443 1524 529 1587 Sana
552 1525 765 1611 languentum
789 1527 923 1591 vulnera

400 1624 490 1688 Dum
516 1616 760 1712 restringuntur
786 1651 921 1713 corpora

398 1727 482 1791 Dele
508 1728 596 1792 virus
619 1729 762 1794 malitiae

397 1829 528 1894 Medela
556 1830 773 1915 parsimoniae.

441 1930 534 1995 Sicut
557 1933 592 1994 in
616 1933 823 2017 sterquilinio

398 2031 617 2116 Benignitatis
642 2034 737 2098 oculo

399 2134 563 2219 Dignatus
595 2160 628 2200 es
653 2137 791 2200 revisere

394 2236 458 2299 Job
482 2237 517 2299 in
542 2238 652 2300 favilla
676 2249 708 2301 et
735 2238 853 2302 cinere.

483 2339 597 2418 Presta
619 2340 716 2403 Pater
739 2362 798 2424 per
820 2339 952 2405 Filium.

585 2675 778 2740 YMNUS.¹

443 2850 759 2914 cenapuhealicesyllend
785 2853 851 2899 mede

384 2981 387 2987 ,
439 2915 572 2978 Summe
597 2914 732 2999 largitor
755 2915 871 3000 premii

418 3016 470 3064 hiht
492 3018 523 3078 pu
534 3019 563 3079 pe
579 3026 629 3066 eart
639 3020 765 3067 ancoenned
775 3019 951 3067 middaneurdes

398 3081 479 3164 Spes
502 3081 560 3164 qui
587 3105 620 3145 es
643 3083 739 3146 unica
761 3084 875 3146 mundi

430 3183 490 3229 bena
559 3182 641 3246 begem
713 3186 817 3247 peopena

292 3284 313 3300 κ
392 3246 511 3309 Preces
535 3245 668 3311 intende
692 3271 856 3312 servorum

403 3355 426 3394 tc
471 3349 500 3409 pe
532 3347 641 3398 estfullan
689 3350 847 3413 cleopigendre

393 3411 449 3474 Ad
473 3422 505 3474 te
529 3411 645 3477 devote
669 3414 874 3479 clamantum.

479 3528 519 3560 ure
579 3516 608 3575 pe
682 3515 784 3578 ingehyd
829 3529 834 3538 ·

436 3576 557 3641 Nostra
580 3588 612 3641 te
637 3580 834 3643 conscientia

401 3678 496 3727 heselicc
547 3689 680 3743 aetspurnan
732 3683 867 3745 gesputclap

392 3743 500 3807 Grave
525 3745 696 3809 offendisse
720 3758 880 3810 monstrat

402 3849 433 3908 pa
443 3845 478 3894 du
505 3847 619 3910 geclaensa
705 3863 736 3910 pc
746 3847 833 3909 biddalr

390 3911 467 3978 Qua
490 3913 645 3974 emundes
669 3912 889 3996 supplicamus

392 4013 449 4059 fram
505 4013 588 4061 callum
675 4030 767 4061 manum

389 4076 444 4139 Ab
472 4078 622 4141 omnibus
647 4078 793 4162 piaculis.

508 4281 513 4310 ¹
532 4282 635 4330 Durham
647 4283 711 4340 MS„
721 4282 760 4329 fol.
772 4283 801 4329 19
809 4283 832 4330 b.
