2948 4980
222 494 283 558 110
472 517 717 564 annno-saxon
743 520 973 568 nnnnnnion.

433 663 480 727 Et
502 675 538 728 tu
563 665 707 730 miranda
730 667 868 730 nimium

433 767 480 831 Et
504 789 591 831 nunc
615 780 648 831 et
673 768 707 831 in
732 781 937 853 perpetuum.

477 868 547 936 Qui
570 880 677 932 totum
698 868 857 933 mundum
880 872 1025 935 condidit

435 969 475 1034 In
498 981 531 1033 te
556 969 713 1034 formatus
741 971 854 1034 extitit

434 1071 542 1138 Quem
565 1073 706 1136 mundus
732 1084 821 1136 totus
846 1096 910 1136 non
936 1074 1023 1158 capit

435 1172 475 1235 In
497 1182 555 1236 tuo
577 1184 689 1236 ventre
709 1173 826 1259 jacuit.

476 1273 577 1339 Hunc
603 1274 695 1338 nobis
719 1276 806 1339 nasci
830 1275 958 1360 profuit

432 1377 554 1441 Amore
579 1400 638 1441 nos
662 1379 784 1463 eripuit

434 1479 499 1542 Pro
524 1481 619 1544 nobis
646 1481 720 1565 Ipse
747 1493 895 1545 mortuus

429 1580 476 1644 Et
501 1604 560 1645 nos
583 1605 642 1667 per
667 1582 780 1668 Ipsum
806 1584 952 1648 vivimus.

517 1684 590 1748 Deo
612 1685 702 1748 Patri
729 1685 772 1748 sit
795 1686 909 1768 gloria.

536 1950 657 2015 ITEM
691 1952 885 2017 YMNUS.¹

658 2112 729 2174 godeo
776 2111 836 2159 heah
851 2113 917 2174 angel

475 2175 633 2238 Gabrihel
656 2175 721 2239 Dei
747 2176 956 2260 archangelus

476 2292 516 2324 ure
613 2277 672 2324 haele
753 2277 823 2338 bydel

429 2339 559 2404 Nostrae
587 2341 700 2403 salutis
723 2342 858 2404 nuntius

438 2443 467 2490 he
477 2443 565 2505 tpegdo
603 2458 647 2505 spa

428 2506 580 2570 Intonuit
604 2509 649 2570 sic
674 2507 813 2570 Mariam

434 2609 571 2672 aegrotando
638 2611 668 2671 ba
678 2609 798 2672 halgostan

426 2674 578 2737 salutans
602 2674 856 2738 sacratissimam.

472 2775 550 2839 holay
562 2774 595 2824 &u
703 2775 778 2824 aesselo

467 2841 538 2903 Ave
561 2840 667 2904 Maria
690 2840 803 2904 inclita

443 2944 476 3003 Ριι
548 2941 590 2990 full
654 2942 709 2990 odes
752 2943 808 3004 gyso

426 3005 497 3070 Tu²
518 3006 615 3089 plena
672 3005 702 3068 ei
726 3007 831 3090 gratia

433 3110 596 3170 pugooacnaat
620 3105 679 3168 burh
743 3117 796 3171 gast

427 3171 597 3255 Concipies
620 3193 678 3255 per
702 3171 861 3256 Spiritum

513 3279 545 3339 tn
555 3286 635 3326 coenat

424 3343 470 3406 ht
493 3341 661 3425 generabis
684 3341 816 3405 Filium.

464 3443 515 3491 cala
530 3443 563 3504 lau
573 3442 663 3490 maeden
681 3442 799 3504 eadigoota

466 3507 496 3570 Ο
518 3506 622 3589 Virgo
647 3506 832 3569 beatissima

458 3611 507 3658 osor
538 3609 652 3658 heofonan
684 3611 802 3672 gabletsod

424 3674 530 3759 Supra
553 3674 642 3769 colos
667 3675 837 3737 benedicta

436 3776 518 3837 gobido
576 3777 612 3823 for
692 3791 801 3841 muneoo*

421 3840 534 3903 Exora
556 3861 615 3922 pro
639 3839 867 3902 monachorum

440 3941 533 3989 ennulln
578 3941 663 4003 pecode
723 3941 848 3988 eadmodra

419 4006 548 4068 Devoto
574 4003 672 4067 choro
700 4003 896 4088 supplicum.

810 4106 936 4171 Gloria.
1037 4122 1040 4128 “

235 4251 242 4280 ¹
259 4249 362 4299 Durham
375 4250 535 4309 Ms.‚s01.33.
552 4265 555 4269 ·
659 4248 669 4277 ²
685 4249 783 4306 Scilicet,
793 4250 842 4308 ‘aa
852 4251 1055 4300 eane-Durium
1064 4232 1128 4310 M's„
1139 4267 1210 4315 marg.
