2948 4980
292 464 355 531 144
550 491 795 537 nunno-sumn
824 493 1053 540 Hunnorum.

465 638 620 701 Omnium
647 663 773 724 semper
797 641 913 705 chorus
937 643 1138 728 Angelorum

465 739 506 802 In
528 740 606 824 polo
630 752 720 804 tenet
743 743 906 807 benedicit
929 744 996 808 alto

466 843 581 926 Atque
608 842 719 906 Sancti
744 844 840 908 simul
866 847 1009 911 universi

812 947 931 1011 Sedule
954 950 1101 1017 laudant.

466 1047 610 1112 Presulis
633 1047 708 1110 almi
732 1048 855 1112 meritis
878 1051 1058 1134 Augustini

464 1149 579 1234 Atque
604 1148 740 1210 istorum
766 1150 888 1233 pariter
912 1151 1105 1216 Sanctorum

465 1251 604 1316 Contine
627 1271 764 1334 poenam
790 1253 844 1336 pie
869 1275 966 1339 quam
992 1275 1151 1317 meremur

810 1356 928 1439 Daque
952 1354 1118 1420 medelam.

465 1455 520 1519 Sic
547 1468 635 1521 tuam
658 1469 768 1543 presta
793 1455 954 1521 celebrare
979 1456 1107 1520 laudern

463 1557 621 1621 Flebilem
645 1560 743 1623 u'tam
767 1561 936 1623 miseratus
960 1560 1054 1624 istam

462 1658 537 1722 Fiat
562 1672 601 1722 ut
624 1661 717 1724 nobis
743 1660 869 1724 licitum
896 1661 1003 1724 videre

809 1763 856 1824 Te
883 1762 951 1825 sine
975 1762 1049 1826 fine.

462 1864 560 1927 Doxa
585 1864 717 1926 sublimi
740 1875 868 1926 maneat
891 1864 1022 1927 Parenti

460 1965 543 2051 Ejus
566 1975 599 2028 et
622 1964 710 2029 Nato
734 1965 920 2049 pariterque
946 1965 1065 2028 Sancto

463 2066 635 2130 Pneumati
660 2066 745 2129 trino
768 2066 911 2131 Domino
938 2077 972 2130 et
995 2089 1061 2129 uno

805 2166 939 2252 Semper
958 2167 992 2232 in
1008 2191 1131 2234 aevum.
1170 2171 1291 2234 Annn.

387 2522 554 2588 YMNUS
586 2522 650 2587 DE
682 2522 870 2588 SANCTA
902 2521 1192 2589 ΤΒΙΝΙΤΑΤΕ.1

479 2711 684 2775 eolapuarpuroe
727 2713 846 2776 ptyrmyrs
884 2713 1036 2774 herigendlioe

459 2775 488 2838 O
511 2779 690 2840 veneranda
714 2778 855 2841 Trinitas
883 2777 1042 2840 laudanda

478 2880 554 2941 bearle
587 2879 728 2942 pelpillende
771 2893 787 2942 7
797 2880 881 2939 pnldor
936 2879 1034 2941 purtful

460 2944 565 3010 Valde
590 2944 729 3027 benigna
751 2943 918 3027 gloriaque
940 2943 1038 3028 digna

503 3065 544 3097 ure
644 3048 717 3109 gehyr
781 3047 840 3094 bena
931 3047 985 3109 Pam
1043 3048 1096 3173 'll‘

458 3114 593 3179 Nostrae
619 3111 737 3174 exaudi
762 3133 872 3195 preces
898 3112 1019 3195 quibus
1072 3110 1119 3174 ibi

818 3212 942 3275 peringen
1007 3212 1095 3275 lofsung

802 3275 954 3338 Caninius
977 3298 1121 3357 ymnum.

467 3379 499 3442 le
568 3376 662 3439 pecie&
776 3391 794 3436 7
871 3374 1000 3438 pebiddnlt

458 3444 506 3506 Te
529 3443 712 3505 invocamus
735 3452 835 3524 atque
858 3439 1028 3503 adoramus

488 3549 546 3609 ψ
605 3541 735 3605 Ροὴοιγαῦ
801 3543 903 3604 lrynues
961 3543 1028 3605 eadig

457 3611 570 3693 Teque
595 3608 763 3671 laudamus
786 3608 930 3670 Trinitas
950 3608 1046 3670 beata

471 3711 504 3772 Pu
568 3726 596 3756 us
672 3709 722 3770 syle
795 3709 872 3770 seylde
985 3709 1047 3757 enlm

456 3776 510 3839 Tu
532 3773 627 3836 nobis
651 3773 734 3835 dona
759 3771 915 3835 scelerum
942 3783 1131 3836 cunctorum

843 3871 998 3934 forgysenerra

798 3936 1043 4003 Remissionem.

615 4203 621 4230 ¹
640 4201 744 4250 Durham
755 4201 818 4261 MS,
831 4200 871 4248 fol,
883 4201 913 4247 42
926 4201 948 4249 b.
