2948 4980
476 499 721 543 ANGLO-ssxou
746 499 974 543 HYMNARIUM.

461 774 564 837 1Jesu
586 773 789 860 Redemptor
813 775 914 840 seculi

441 875 591 940 Verbum
612 875 719 940 Patris
743 877 890 941 altissimi

441 976 520 1040 Lux
542 977 624 1041 lucis
648 978 821 1043 invisibilis

442 1078 560 1142 Custos
584 1090 717 1143 tuorum
740 1080 887 1164 pervigil.

486 1180 540 1244 Tu
565 1179 739 1244 fabricator
766 1183 910 1245 omnium

442 1281 611 1345 Discretor
635 1292 735 1365 atque
759 1293 941 1368 temporum

440 1382 537 1445 Fessa
563 1381 674 1446 labore
700 1405 834 1468 corpora

443 1483 560 1548 Noctis
587 1485 697 1569 quiete
722 1506 840 1547 recrea.

485 1584 533 1649 Te
560 1586 769 1670 deprecamur
795 1585 958 1670 supplices

444 1687 493 1751 Ut
514 1709 572 1750 nos
598 1688 638 1750 ab
662 1686 755 1750 hoste
781 1687 899 1752 liberes

398 1864 400 1868 ¹
441 1789 494 1854 Ne
517 1788 622 1852 valeat
645 1789 797 1852 seducere

335 1919 337 1929 ·
441 1890 514 1954 Tuo
536 1893 721 1977 redemptor
743 1892 910 1976 sanguine.

487 1992 536 2057 Ut
561 1994 640 2057 dum
665 1993 754 2077 gravi
776 1993 811 2056 in
836 2014 969 2077 corpore

443 2093 541 2157 Brevi
564 2115 732 2156 manemus
754 2103 901 2177 tempore

445 2195 499 2259 Sic
523 2218 596 2259 caro
620 2205 730 2259 nostra
754 2193 890 2257 dormiat

444 2299 493 2363 At
515 2321 606 2362 mens
629 2319 742 2383 sopore
768 2297 900 2361 nesciat.

487 2400 602 2464 Gloria
620 2399 697 2463 Tibi
720 2399 861 2463 Domine

443 2503 512 2570 Qui
536 2501 709 2566 surrexisti
733 2525 752 2563 11
775 2501 912 2564 mortuis

445 2605 529 2669 Cum
552 2602 649 2667 Patre
674 2614 707 2666 et
730 2602 849 2666 Sancto
873 2601 999 2686 Spiritu

442 2707 482 2769 In
509 2705 703 2791 sempiterna
726 2704 845 2770 secula.

805 2807 923 2872 Amen.
1007 2813 1009 2816 ⁴

256 3051 258 3055 v
340 3104 392 3169 IN
423 3103 571 3169 FESTO
602 3104 641 3168 Β.
667 3101 840 3166 MARIAE
870 3100 1117 3167 1111161Ν18.2

484 3279 514 3344 Ο
540 3278 681 3364 gloriosa
706 3277 827 3343 femina

443 3382 584 3447 Excelsa
611 3404 708 3468 super
733 3381 838 3446 sidera

442 3485 512 3550 Qui
535 3494 567 3546 te
594 3483 713 3547 creavit
734 3485 867 3569 provide

443 3585 560 3648 Laetos
585 3596 706 3649 sacrato
732 3587 842 3651 ubere.

484 3687 585 3754 Quod
607 3687 677 3751 Eva
702 3688 805 3752 tristis
828 3689 965 3754 abstulit

442 3788 495 3852 Tu
517 3787 625 3851 reddis
650 3786 735 3852 almo
758 3791 902 3873 germine

443 3888 572 3953 Intrent
596 3900 634 3953 ut
659 3901 743 3954 astra
766 3891 892 3956 flebiles

442 3990 513 4053 Celi
536 3990 679 4055 fenestra
701 3992 787 4057 facta
812 4016 856 4057 es.

259 4179 266 4210 ¹
285 4176 500 4233 natuturam,
511 4175 635 4225 1012191).
764 4176 775 4205 ²
793 4178 859 4226 Harl.
869 4179 922 4228 MS.
934 4178 1007 4236 2961,
1017 4177 1107 4226 101231
1119 4180 1141 4227 b.
