2948 4980
299 524 359 585 126
553 541 799 585 nsaw-suros
825 541 1054 584 urrunnun.

396 871 460 935 DE
490 871 676 970 SANCTO
707 873 910 937 ANDREA
942 876 1213 940 APOSTOL0.¹

439 1048 556 1108 suasu
573 1048 667 1095 nam
715 1048 812 1110 tugen
910 1050 994 1110 tom

422 1113 569 1175 Andreas
591 1113 646 1195 pie
670 1126 853 1175 sanctorum
879 1115 1050 1176 mitissime

416 1215 488 1276 begyt
563 1231 628 1261 urum
700 1216 839 1277 gedpeldmn
861 1217 1020 1278 forgJieuyne

379 1279 514 1362 Optime
540 1280 658 1341 nostris
684 1281 846 1342 erratibus
871 1281 996 1343 veniam

401 1397 418 1442 Ἰ
446 1380 590 1442 &ahebach
601 1382 739 1444 geheiegode
750 1384 797 1429 mid
807 1384 909 1446 berhene
959 1399 1033 1445 ayunt

379 1446 424 1509 Et
449 1446 508 1528 qui
533 1468 703 1529 gravamur
728 1448 852 1509 sarcina
877 1449 1100 1532 peccaminum

405 1547 502 1610 upuhefe
517 1549 633 1602 nidt’inu
695 1549 869 1611 pingmdenum

378 1612 520 1675 Subleva
546 1613 611 1676 tuis
635 1613 930 1677 intercessionibus,

808 1718 928 1778 Annue
952 1716 1090 1779 Christe.

376 2023 439 2087 DE
471 2023 656 2088 SANCTO
686 2025 912 2090 JOHANNE
943 2026 1214 2091 APOSTOL0.‘·'

416 2199 538 2258 tyifoeldre
549 2203 611 2262 paere
622 2200 763 2247 heosonlioen
774 2201 848 2249 healle
858 2203 970 2249 leohtsatu

419 2263 503 2325 Bina
528 2264 655 2363 cplestis
681 2264 754 2325 aule
781 2265 952 2327 luminaria

527 2380 566 2412 eac
600 2365 670 2426 spiloe
866 2366 1040 2425 sedrihtpursse

372 2428 492 2491 Jacobe
518 2450 577 2490 nec
605 2451 670 2490 non
693 2428 856 2491 Johannes
885 2430 1033 2513 theologe

392 2528 481 2578 hidda&
558 2546 586 2577 us
628 2531 803 2592 forgyieunysse
836 2532 954 2580 biddendu

373 2594 502 2657 Poscite
527 2595 622 2658 nobis
648 2595 773 2657 veniam
798 2598 988 2680 rogantibus

414 2699 443 2757 tu
523 2713 572 2745 com
653 2698 708 2744 crist
794 2699 884 2761 togytes
911 2701 982 2748 sellan
1008 2701 1149 2761 eatmiugum

371 2761 480 2828 Quam
501 2762 590 2824 venit
614 2761 763 2825 Christus
789 2764 888 2844 gratis
913 2765 986 2826 dare
1012 2764 1147 2826 miseris.

802 2865 922 2927 Annue
947 2865 1085 2927 Christe.

521 3166 586 3229 DE
618 3166 803 3231 SANCTO
833 3167 1037 3230 JACOBO.⁹

412 3330 487 3377 oeala
497 3332 529 3391 pu
545 3330 644 3392 rihtpise
656 3330 773 3377 haelendes
784 3290 869 3376 broher
901 3328 1006 3375 drihtnes

411 3395 532 3456 Jacobe
552 3396 643 3477 juste
666 3393 745 3454 Jesu
771 3392 871 3454 frater
894 3391 1027 3454 Domini

377 3512 406 3558 sy
460 3497 489 3556 pe
522 3494 600 3543 arsaest
632 3494 680 3541 ofer
745 3510 773 3541 us
838 3495 965 3555 besargung

369 3560 421 3623 Sit
445 3559 505 3622 tibi
529 3559 583 3643 pia
608 3581 706 3643 super
732 3582 789 3622 nos
814 3558 991 3642 compassio

377 3662 449 3724 Papo
476 3662 577 3725 scyldige
594 3663 653 3710 dede
724 3663 801 3725 modig
865 3662 912 3709 idel
922 3661 974 3723 gelp

367 3727 461 3794 Quos
484 3749 555 3789 reos
582 3727 662 3790 feeit
685 3729 826 3811 superba
847 3726 991 3811 jacentia

424 3843 441 3890 ⁴1
534 3828 823 3890 betyldemiddan-eardes
850 3843 972 3890 praennyss

367 3894 481 3977 Atque
508 3891 652 3955 foedavit
676 3893 789 3955 mundi
815 3892 1008 3975 petulantia.

797 3994 917 4056 Annue
943 3993 1085 4057 Christe.

312 4266 317 4294 ¹
336 4264 439 4312 Dur'hem
452 4264 514 4322 MS„
531 4263 570 4310 tol.
582 4261 621 4312 37.
784 4258 794 4286 ²
811 4258 914 4306 Durham
926 4260 991 4319 MS„
1008 4261 1046 4309 fol.
1058 4262 1088 4312 37
1101 4262 1122 4308 b.
