2948 4980
496 565 742 612 aneto-saxon
767 565 995 612 nunnnnrun.
1182 553 1239 616 151

497 705 651 770 Latronis
676 727 718 768 en
744 705 907 770 confessio

456 808 578 873 Christi
601 817 748 870 meretur
772 807 910 889 gratiam

454 911 542 974 Laus
567 921 679 973 nostra
700 909 752 972 vel
777 910 911 973 devotio

454 1015 622 1077 Mercetur
646 1010 895 1095 indulgentiam.

495 1115 589 1178 Mors
613 1134 672 1196 per
694 1134 824 1176 crucem
848 1137 935 1178 nunc
961 1116 1074 1178 interit

455 1217 501 1280 Et
524 1226 598 1300 post
623 1215 775 1277 tenebras
801 1215 863 1279 lux
886 1218 974 1280 redit

456 1319 584 1382 Horror
610 1316 731 1379 deiscat
757 1317 928 1380 criminum

456 1418 616 1503 Splendor
642 1415 780 1480 nitescat
802 1417 972 1481 mentium.

541 1519 656 1585 Gloria
680 1514 757 1581 Tibi
781 1516 933 1581 Trinitas.

252 1821 420 1888 YMNUS
454 1820 506 1886 IN
533 1819 730 1886 NATALE
760 1819 940 1884 DOMINI
971 1819 1229 1886 CANENDUS

321 1950 325 1956 ·
574 1922 641 1986 AD
671 1920 919 1985 TERTIAM.¹

501 2094 629 2157 Christe
655 2094 715 2157 hac
738 2094 819 2157 hora
844 2096 943 2157 tertia

457 2197 530 2260 Tua
555 2218 613 2258 nos
636 2195 725 2280 reple
749 2194 854 2278 gratia

459 2298 602 2362 Caritate
629 2307 663 2361 et
685 2296 826 2360 fervidos

456 2398 526 2462 Nos
550 2411 742 2483 nostrosque
768 2399 818 2462 fac
843 2398 1038 2483 proximos.

465 2512 468 2517 '
499 2500 562 2563 Ille
585 2501 677 2564 Deus
698 2499 885 2584 paraclytus
944 2504 947 2509 '

456 2601 586 2665 Nostris
610 2623 696 2663 nunc
720 2599 806 2662 adsit
831 2600 983 2662 cordibus

454 2704 495 2767 In
520 2703 581 2766 hac
604 2701 685 2764 hora
711 2700 769 2784 qui
791 2698 909 2762 rutilos

456 2802 674 2868 Inflammavit
696 2792 881 2884 Apostolos.

498 2906 612 2969 Presta
634 2904 695 2967 hoc
718 2904 810 2966 Deus
833 2901 976 2966 Trinitas

456 3011 531 3073 Una
556 3017 590 3070 et
613 3027 743 3089 compar
765 3004 881 3068 Deitas

456 3110 519 3174 Cui
545 3108 616 3170 laus
639 3105 744 3168 virtus
766 3096 872 3188 gloria

455 3212 553 3276 Nunc
577 3218 610 3272 et
630 3216 747 3270 cuncta
769 3227 830 3289 per
853 3207 971 3271 secula.

948 3311 1066 3377 Amen.

465 3617 532 3681 AD
563 3617 762 3680 SEXTAM
793 3617 1025 3682 HYMNUS.²

498 3771 601 3836 Sexta
612 3853 615 3857 .
627 3784 712 3836 etate
736 3775 861 3858 virgine

454 3873 523 3937 Qui
545 3885 641 3937 natus
665 3896 699 3936 es
723 3897 782 3958 pro
806 3874 937 3940 homine

451 3973 515 4037 Fac
541 3997 600 4038 nos
623 3986 735 4038 octava
761 3997 885 4039 sumere

452 4074 551 4136 Etate
575 4084 692 4136 sortem
719 4074 833 4169 glorie.

270 4271 357 4318 ¹·cott·
370 4267 425 4316 MS·
438 4268 511 4329 Vesp.
522 4267 552 4316 D.
562 4267 605 4314 xii.
616 4267 655 4314 fol.
666 4270 706 4314 39.
771 4267 782 4296 ²
798 4269 859 4316 Cott.
870 4269 926 4317 MS.
939 4269 1009 4330 Vesp.
1022 4269 1051 4317 D.
1060 4268 1101 4317 xii.
1112 4268 1151 4315 fol.
1161 4270 1221 4320 aab.
