2948 4980
496 525 741 570 anano-saxon
767 527 996 571 nrunnruun.
1208 506 1249 568 87

326 843 496 908 YMNUS
533 843 586 908 IN
616 842 918 908 ASCENSIONE
949 842 1154 907 DOMINI.¹

614 1042 660 1085 Au
684 1043 877 1087 VESPERAM.

524 1181 614 1247 lofsaug
668 1190 725 1230 uton
736 1183 818 1245 singen
861 1181 954 1229 drihtne

493 1245 639 1310 Ymnum
664 1268 816 1310 canamus
841 1246 985 1309 Domino

458 1347 657 1410 loicangernipan
707 1364 740 1396 nn
829 1345 919 1410 opaga&

449 1411 550 1473 Ymni
576 1411 651 1473 novi
679 1434 765 1475 nunc
791 1423 965 1495 personent

502 1511 558 1560 crist
628 1513 712 1576 nipum
749 1513 798 1561 mid
843 1511 936 1560 sidfaete

451 1575 601 1640 Christus
625 1599 709 1640 novo
734 1600 807 1640 cum
833 1577 963 1639 tramite

469 1686 495 1726 to
536 1679 634 1727 faederes
698 1679 766 1728 astdlr
846 1677 972 1742 prymsctle

450 1742 505 1806 Ad
528 1742 635 1807 Patris
659 1745 804 1808 ascendit
828 1745 992 1808 thronum.

493 1845 646 1910 Transit⁹
672 1847 839 1931 triumpho
865 1845 969 1909 nobili

451 1946 524 2010 Poli
548 1959 702 2032 potenter
724 1949 867 2013 culmina

452 2049 522 2115 Qui
545 2062 649 2114 morte
676 2062 815 2115 mortem
839 2061 1054 2133 assumpserat

448 2149 585 2214 Derisus
611 2174 630 2214 a
653 2152 855 2216 mortalibus.

518 2252 632 2313 apostolas
698 2255 728 2315 pa
790 2254 903 2316 rynelices

492 2316 645 2400 Apostoli
673 2328 752 2382 tunc
776 2319 913 2403 mystico

459 2430 489 2462 ou
530 2417 609 2465 dunen
649 2420 778 2468 standands
827 2421 925 2469 crismnn

448 2479 488 2541 In
515 2492 626 2545 monte
651 2493 773 2547 stantes
800 2485 956 2548 crismatis

475 2581 524 2629 mid
572 2583 651 2630 meder
677 2583 787 2646 byrhtum
814 2587 918 2633 maedenc

450 2644 534 2707 Cum
554 2645 663 2709 Matre
688 2647 773 2710 clara
795 2649 933 2733 Virgine

447 2748 495 2871 lm
506 2745 623 2795 haelendes
633 2763 735 2811 gerapon
762 2751 845 2813 puldor

470 2832 528 2873 esu
550 2811 704 2877 videbant
726 2813 874 2898 gloriam.

491 2913 566 2975 Αοα
591 2916 756 2998 prosecuti
780 2906 903 2991 lumine

449 3012 552 3077 Laeto
574 3028 742 3100 petentem
766 3018 872 3081 sidera

449 3114 560 3178 Laetis
586 3139 645 3200 per
668 3140 761 3183 aures
785 3119 938 3182 cordibus

448 3216 584 3281 Duxere
612 3218 738 3303 Regem
764 3219 877 3321 egculi.

529 3322 559 3376 ba
651 3323 773 3384 sprecende
846 3324 931 3388 aenglru

492 3386 586 3452 Quos
611 3385 816 3472 alloquentes
837 3388 959 3474 Angeli

457 3486 534 3546 tohpi
562 3488 643 3552 tunglo
674 3492 802 3539 standende
818 3492 967 3556 beheeldege

447 3551 539 3617 Quid
562 3562 648 3615 astra
674 3558 797 3618 stantes
823 3557 955 3619 cernitis

481 3653 573 3701 haelend
627 3655 669 3714 pes
717 3655 738 3703 is
786 3655 919 3720 hicpaedon

447 3717 593 3781 Salvator
617 3717 671 3781 hic
697 3730 747 3783 est
771 3719 928 3805 inquiunt

448 3820 540 3869 haelcnd
596 3821 645 3869 mid
656 3822 704 3883 sige
761 3823 859 3885 aepelum

443 3885 539 3948 Jesus
567 3885 733 3971 triumpho
758 3887 873 3952 nobili.

487 3985 543 4049 A²
564 3987 656 4051 vobis
680 3988 718 4052 ad
744 3989 894 4053 caelestia

444 4086 513 4152 Qui
537 4109 638 4172 regna
663 4113 749 4154 nunc
776 4102 961 4176 assumptus
986 4102 1035 4155 est

260 4267 267 4297 ι
285 4242 576 4320 condirentur.
636 4263 721 4313 ²r1n
732 4267 1237 4329 sunninnotglonedinthonurhamlts.
