2948 4980
502 520 748 564 asoto-saxon
774 517 1002 566 Hrmnnmun.

441 825 609 926 YMNUS
641 827 707 891 AD
739 826 1055 893 NOCTURNAS¹

499 997 607 1059 gepiscod
617 997 666 1046 mid
676 997 820 1074 gepilnungu
831 997 892 1046 coho
903 997 973 1061 binga

501 1060 644 1146 Optatus
666 1061 750 1124 votis
775 1061 919 1124 omnium

499 1161 562 1226 halig
643 1162 750 1210 onleohta
786 1162 838 1225 daeg

457 1225 609 1290 Sacratus
632 1226 757 1291 inluxit
781 1225 850 1288 dies

459 1330 533 1390 cupi
549 1328 787 1377 middcnesrdeshiht
835 1329 891 1378 erist

458 1391 536 1457 Quo
562 1392 675 1455 mundi
701 1413 773 1476 spes
797 1391 946 1457 Christus
968 1332 1060 1458 flodus

530 1493 597 1542 astch
668 1493 783 1542 heofonan
832 1495 911 1545 sticole

456 1556 654 1621 Conscendit
677 1558 782 1621 caelos
808 1559 934 1623 arduos.

499 1661 707 1725 Ascendens²
731 1661 766 1723 in
790 1660 895 1725 altum
918 1661 1010 1726 Deus

458 1761 627 1847 Propriam
654 1763 694 1827 ad
721 1763 829 1825 sedem
854 1774 975 1827 remeat

456 1864 577 1928 Gavisa
603 1875 679 1928 sunt
705 1863 768 1935 celi
792 1887 892 1948 regna

454 1965 582 2031 Reditu
607 1937 790 2052 Unigeriiti

511 2068 604 2117 miccles
661 2069 738 2118 mid'
720 2085 768 2132 nge
815 2070 929 2133 gepiunes

496 2132 613 2216 Magni
637 2133 804 2217 triumpho
827 2134 924 2233 prelii

455 2233 630 2284 middansardes
641 2235 781 2298 oislegenum
819 2207 895 2283 ealdie

454 2298 575 2362 Mundi
598 2311 768 2384 perempto
792 2299 937 2383 principe

456 2401 553 2450 iaederes
586 2402 774 2465 audpcsrdiande
805 2401 936 2464 andph'tnm

452 2465 559 2530 Patris
582 2476 773 2577 presentans
796 2465 942 2528 vultibus

471 2567 598 2630 sigefaestes
624 2537 737 2615 hehoman
786 2565 871 2627 puldor

449 2631 606 2694 Victricis
630 2629 733 2692 carnis
759 2629 905 2711 gloriam

493 2733 577 2795 Est2
603 2730 781 2794 elevatus
771 2752 806 2792 1n
831 2730 976 2793 nubibus

447 2835 495 2898 Et
521 2856 612 2919 spem
641 2832 721 2896 fecit
745 2832 953 2896 credentibus

451 2937 613 3021 Aperiens
636 2935 832 3020 paradysum

449 3039 558 3105 Quem
585 3035 781 3120 protoplasti
805 3034 995 3098 clauserant.

517 3137 643 3188 calamicel
718 3136 802 3184 callum
899 3136 964 3199 gefea

491 3203 521 3267 O
549 3203 670 3287 grande
696 3200 822 3264 cunctis
848 3200 1004 3284 gaudium

487 3306 506 3364 tt
588 3305 659 3353 baem
741 3317 793 3350 ures
857 3303 974 3350 madores

447 3368 548 3435 Quod
572 3380 686 3453 partus
711 3377 822 3463 nostre
843 3366 989 3450 Virginis

456 3469 522 3519 aefter
563 3471 638 3534 spttle
677 3470 769 3533 spingla
801 3469 867 3517 aer‘ter
930 3469 986 3517 rode

446 3534 527 3598 Post
552 3545 647 3619 sputa
672 3535 770 3616 flagra
795 3543 870 3617 post
896 3554 1023 3596 crucem

450 3634 590 3684 faederlioum
618 3634 675 3682 satls
723 3633 851 3697 ysgel’eod

447 3698 589 3797 Paterne
612 3699 680 3762 sedi
700 3700 864 3784 jungitur.

502 3809 560 3850 uton
571 3801 619 3849 don
635 3800 768 3849 eomostlice
779 3802 864 3864 panem

486 3866 633 3950 Agamus
659 3887 736 3949 ergo
761 3867 881 3950 gratias

502 3982 543 4014 um
640 3967 699 4015 hale
748 3970 888 4030 precandum

446 4029 587 4093 Nostrae
616 4031 729 4096 salutis
755 4034 876 4097 vindici

255 4248 262 4278 ¹
273 4247 377 4297 Durham
386 4244 451 4304 MS„
462 4245 501 4294 fol.
508 4245 549 4292 26.
656 4245 667 4274 ²
678 4248 736 4295 'l'his
743 4264 807 4296 verse
815 4249 836 4296 is
843 4256 884 4296 not
893 4249 983 4311 glossed
991 4249 1016 4297 in
1024 4248 1173 4297 theDurham
1181 4249 1235 4298 MS.

1081 4334 1103 4377 N
