2948 4980
781 236 794 266 Χ

482 475 729 527 ΛΝαιο-εΛΧοΝ
753 483 982 529 nruunuruu.
1172 467 1232 529 135

443 618 475 678 pt
486 616 570 680 halgan
597 621 675 667 samod
722 621 864 684 fiofengasto

442 681 562 745 Sancto
588 683 684 746 simul
708 684 870 748 Paraclito

452 798 482 829 on
551 785 648 847 porulda
723 788 806 849 poruld

442 846 483 909 [n
510 849 694 913 seculorum
717 852 833 917 secula.

786 969 816 1016 sy
826 953 862 1001 hit
873 968 916 1016 spa

788 1018 909 1082 Auru.

382 1286 550 1352 YMNUS
582 1291 647 1355 DE
680 1289 1088 1357 CONFESSORIBUS.¹

495 1453 570 1501 teau
581 1452 682 1504 &norint
700 1455 838 1517 beorhtnyss
881 1454 975 1517 pnldres

487 1516 516 1579 Ο
541 1518 669 1582 Christe
693 1520 845 1603 splendor
870 1518 982 1600 gloriae

486 1619 533 1666 lofu
605 1623 752 1683 pegereooap
818 1620 848 1682 Pe

445 1681 574 1747 Laudes
600 1685 769 1748 referimus
796 1683 873 1746 Tibi

453 1785 486 1842 pn
497 1782 528 1832 ae
539 1787 586 1833 mid
595 1786 743 1849 genihtsumr‘r
753 1786 836 1845 puldre

445 1847 514 1912 Qui
540 1851 668 1932 profluo
693 1848 849 1912 miraculo

495 1950 592 2015 helgone
632 1951 939 2017 gefraetepigendeoasertun

399 2087 401 2090 v
443 2013 634 2080 Sanctorum
659 2040 775 2081 ornans
801 2016 930 2079 atrium.

494 2115 571 2177 luite
587 2133 616 2166 on
649 2119 714 2166 sibbe
765 2115 895 2181 gelndunge

486 2179 554 2246 Qui
581 2182 615 2245 in
640 2205 719 2267 pace
744 2180 916 2246 aecclesiae

468 2282 583 2345 blopende
615 2288 729 2349 onpeape
746 2285 810 2332 lilian

442 2345 609 2413 Florentes
635 2373 723 2413 more
747 2348 811 2412 lilii

511 2451 616 2499 bodeden
746 2452 803 2499 foloe

442 2512 694 2578 Predicaverunt
719 2514 842 2599 populo

463 2614 482 2671 lt
527 2615 668 2678 higefeldon
716 2632 894 2680 neorxnepange

443 2675 492 2740 Ut
515 2679 680 2764 replerent
704 2682 907 2766 paradysum.

518 2783 626 2832 nimendo
686 2798 761 2846 popm
805 2782 829 2845 pi
844 2781 887 2829 lice

486 2845 659 2911 Sumentes
680 2869 767 2910 arma
793 2846 833 2908 be
861 2844 911 2907 ioa

464 2962 553 3010 ongean
595 2949 690 2998 leondes
738 2947 883 3008 hindersoipe

445 3009 566 3076 Contra
592 3013 692 3079 hostis
718 3011 899 3096 nequitiam

477 3114 543 3175 soyld
590 3115 693 3176 geleafan
742 3114 814 3176 spurd

442 3175 579 3241 Soutum
605 3179 681 3242 fidei
705 3177 848 3262 gladium

500 3288 552 3342 gast
644 3280 708 3328 feoht
773 3279 893 3341 stmnglice

443 3341 586 3428 Spiritus
609 3353 756 3430 pugnat2
771 3343 911 3406 fortiter.

490 3461 519 3494 on
564 3426 656 3503 'bara
708 3445 780 3494 multe
823 3447 868 3509 god
923 3445 944 3492 is

486 3509 526 3573 In
554 3534 692 3594 quorum
718 3534 773 3574 ore
796 3511 887 3573 Deus
912 3517 961 3571 est

447 3627 478 3659 on
551 3615 613 3675 paera
678 3611 775 3660 heortan
850 3611 906 3659 erist
985 3609 1006 3656 is

443 3674 484 3738 In
511 3699 650 3760 quorum
678 3677 774 3739 corde
798 3675 947 3738 Christus
973 3685 1023 3736 est

447 3792 477 3824 on
552 3780 615 3835 baera
690 3779 757 3826 mode
789 3777 924 3840 nrfaestnyss

445 3840 485 3904 In
510 3865 649 3926 quorum
673 3853 782 3906 mente
806 3843 910 3927 pietas

453 3943 597 4008 rihtpisnym
614 3960 630 4007 ⁴1
648 3944 798 4007 sopfaestnyss

441 4005 576 4070 Justitia
602 4019 636 4071 et
657 4008 786 4072 veritas.

261 4158 267 4186 ¹
286 4155 388 4205 Durham
401 4154 464 4209 MS„
477 4155 516 4206 fol.
526 4157 557 4203 39
567 4157 592 4204 b.
726 4155 910 4270 haztgpigimlly
921 4152 1052 4218 ‘pugnant'
1070 4154 1094 4201 in
1116 4153 1155 4201 the
1174 4154 1234 4201 Dur-
