2948 4980
273 467 332 529 100
521 488 766 532 lucro-saxon
792 487 1020 531 nunnunruu.

533 645 610 708 Non
635 647 674 708 de
698 644 817 708 camali
841 644 961 707 semine

488 749 553 814 Sed
580 747 717 832 spiritali
743 746 862 809 vimine

485 851 604 915 Emisit
627 863 666 914 ut
693 850 815 914 Christi
839 850 937 912 decus

487 953 657 1017 Conferret
683 953 763 1016 acris
788 951 950 1035 plebibus

531 1055 630 1121 Quod
654 1066 691 1117 ut
714 1054 852 1138 peraegit
878 1051 1029 1115 omnibus

484 1161 556 1223 Deo
577 1161 712 1243 juvante
736 1155 860 1218 nisibus

484 1261 630 1325 Vocatur
654 1283 696 1323 ex
722 1257 818 1321 tholis
844 1255 912 1340 poli

486 1363 533 1425 Ut
558 1361 732 1426 collecetur
757 1358 904 1443 Angelis.

528 1466 616 1529 Hinc
641 1478 673 1529 te
699 1486 866 1549 precamur
891 1460 1026 1524 Artifex

485 1569 616 1651 Optime
644 1591 751 1631 rerum
776 1564 939 1651 supplices

484 1669 532 1733 Ut
555 1671 654 1753 hujus
680 1691 734 1730 ore
759 1667 872 1730 militis

486 1772 566 1834 Tuis
594 1783 687 1834 tuum
713 1772 768 1833 des
793 1769 937 1832 servulis.

529 1872 580 1933 Sit
604 1872 708 1973 glorip,
732 1872 817 1934 nitor
840 1869 929 1932 Patri

480 1973 531 2035 Sit
553 1972 639 2036 Filio
666 1974 724 2036 lux
752 1986 784 2036 et
807 1972 896 2057 jugis

486 2076 537 2138 Sit
560 2077 748 2160 procedenti
773 2075 912 2139 Flamini

484 2180 539 2241 Ab
565 2179 616 2242 his
638 2190 789 2243 venustas
814 2176 957 2240 luminis.

456 2492 624 2557 YMNUS
657 2493 723 2556 AD
759 2492 1092 2557 NOCTURNAM.¹

356 2689 490 2751 Summa
515 2688 581 2751 Dei
607 2689 735 2752 bonitas
760 2689 886 2790 celique
913 2701 1003 2774 septa
1027 2690 1189 2772 gubernas

399 2790 542 2886 Queque
569 2791 673 2855 solum
697 2793 805 2854 firmas
830 2814 952 2854 summa
975 2790 1040 2853 Dei
1065 2791 1203 2855 bonitas·

356 2892 525 2957 Laudibus
548 2893 677 2956 eximiis
703 2893 744 2955 da
769 2893 992 2975 Augustinum
1019 2915 1204 2956 resonemus

401 2995 509 3062 Quem
536 2996 589 3080 pie
614 2994 750 3058 sanxisti
776 2993 928 3056 laudibus
954 2994 1093 3059 eximiis.

356 3098 435 3161 Jure
459 3097 627 3161 salutifero
654 3097 777 3162 Romae
805 3099 862 3182 qui
885 3098 1029 3161 nascitur
1056 3097 1120 3161 arci

400 3200 573 3263 Nascimur
599 3215 631 3263 et
658 3225 723 3284 quo
751 3224 809 3263 nos
829 3203 904 3286 jure
931 3200 1109 3264 salutifero.

359 3301 474 3363 Clarus
495 3301 530 3361 in
553 3302 630 3363 orbe
653 3301 742 3383 viget
764 3302 853 3384 quod
874 3301 1013 3363 contulit
1035 3300 1090 3363 ille
1113 3301 1227 3364 dicasti

402 3400 545 3484 Quoque
567 3399 652 3484 polis
674 3400 794 3463 renitet
816 3400 920 3463 clarus
942 3400 976 3463 in
1000 3402 1076 3463 orbe
1099 3402 1196 3486 viget.

360 3506 471 3589 Hujus
495 3505 536 3567 ob
560 3502 740 3587 alloquium
765 3503 858 3565 nobis
880 3503 1030 3567 miserere
1051 3528 1220 3588 precamur

404 3606 580 3669 Commoda
606 3629 754 3691 quaeque
779 3629 856 3690 para
878 3606 978 3692 hujus
1004 3609 1046 3671 ob
1070 3607 1262 3692 alloquium.

361 3709 505 3792 Imperet
528 3709 590 3772 ista
616 3709 685 3772 dies
709 3709 902 3773 mundemur
928 3720 966 3772 ut
991 3710 1117 3773 actibus
1140 3711 1213 3775 imis

404 3809 532 3872 Deinde
558 3809 671 3873 salutis
698 3834 775 3895 opes
800 3812 938 3893 imperet
961 3811 1024 3874 ista
1047 3813 1124 3877 dies.

363 3911 478 3974 Gloria
504 3934 618 3994 magna
641 3912 731 3975 Patri
756 3934 882 3995 semper
906 3911 967 3975 tibi
991 3913 1094 3997 gloria
1117 3914 1203 3978 Nate

406 4013 488 4077 Cum
512 4012 631 4076 Sancto
655 4012 781 4097 Spiritu
803 4014 906 4096 gloria
926 4037 1041 4098 magna
1064 4015 1164 4079 Patri.

613 4184 618 4213 ¹
635 4183 738 4233 uniam
751 4184 812 4244 us,
824 4183 862 4231 m.
873 4183 905 4230 ‘29
917 4183 939 4230 s.
